2520 4008
491 220 532 298 tl,
556 217 590 295 3,
613 217 747 285 15-89.
847 220 850 225 ’
1080 224 1141 292 141

249 369 352 449 litque
368 370 472 447 deam,
489 387 529 433 ne
545 379 575 434 te
588 373 698 434 vicerit
710 374 776 450 illa,
793 391 897 451 caves,

209 455 249 519 itt
262 456 342 518 bene
358 455 401 519 uli
415 470 552 531 pugnes,
568 455 648 518 bene
662 471 805 533 pugnmue
820 460 915 524 efficit
929 458 1040 522 hostis.

253 539 306 602 Sic
320 540 441 602 eadem·
445 539 577 616 prodest
592 553 690 601 causa
702 547 856 619 nocetque
869 542 952 604 mihi.

158 631 195 690 55
211 623 336 686 Scilicet
348 623 521 698 indignum,
534 623 655 684 iuvenis
670 624 844 699 rarissime,
860 626 948 690 ducis

248 709 291 770 Te
305 706 372 768 neri
387 706 529 769 comitem
544 708 654 768 stantis
668 707 700 768 in
717 707 793 769 orbe
808 710 894 771 deae.

209 790 329 852 Firmus
344 806 395 865 es,
411 797 442 852 et
457 791 604 867 quoniam
619 807 682 854 non
697 799 767 854 sunl
782 808 835 868 ee,
853 792 958 869 qualia
971 792 1092 870 velles,—

251 873 331 936 Vela
346 874 429 950 regis
447 889 584 951 quassae
597 876 835 954 qualiacumque
849 879 934 940 ratis.

195 1021 197 1026 ,
211 958 358 1036 Quaeque
374 958 417 1019 ita
433 973 591 1022 concussa
606 966 669 1032 est,
685 967 719 1021 ut
731 960 792 1022 iam
806 977 919 1026 casura
932 967 1061 1038 putetur,

159 1047 198 1102 oo
252 1042 360 1104 Restat
373 1041 475 1105 adhue
491 1041 606 1104 umeris
621 1045 698 1104 irrita
714 1043 803 1104 ruina
816 1046 887 1110 tuis.

208 1127 257 1188 Ira
272 1126 396 1203 quidem
409 1127 507 1204 primo
525 1127 625 1188 iuerat
638 1133 690 1188 tun
704 1127 798 1203 iusta,
813 1144 871 1188 nee
886 1129 955 1206 ipso
1037 1178 1042 1186 ,

251 1209 377 1286 Lenior,
393 1208 533 1274 offensus
545 1210 599 1286 qui
617 1209 691 1272 mihi
704 1211 771 1272 iure
789 1212 854 1274 luit.

210 1294 329 1371 Quique
342 1294 432 1356 dolor
450 1301 559 1373 pectus
574 1295 726 1371 tetigisset
740 1294 881 1357 Caesaris
896 1294 957 1370 alti,

249 1377 337 1440 Illum
355 1379 479 1440 iurabas
494 1379 634 1456 protinus
646 1393 719 1440 esse
732 1386 826 1440 tuum.

156 1461 193 1518 oo
207 1461 247 1525 llt
262 1467 362 1524 tomen
382 1462 486 1524 audita
499 1469 547 1525 est
560 1469 686 1526 nostrae
700 1463 754 1524 libi
768 1463 865 1526 cladis
885 1461 981 1539 oneo,

249 1546 369 1608 Diceris
383 1547 492 1608 ematis
511 1547 699 1622 ingemuisse
712 1546 800 1610 ineis.

208 1629 283 1694 Turn
297 1635 350 1692 tua
362 1645 413 1692 me
429 1631 561 1707 primum
580 1631 675 1694 soleri
688 1631 788 1691 littera
807 1629 909 1706 eoepit

250 1713 289 1776 El
301 1713 420 1778 laesum
435 1712 517 1776 ileeti
532 1730 621 1792 spem
635 1713 710 1776 dare
729 1728 827 1791 posse
844 1714 945 1777 deum.

209 1798 305 1861 Movit
318 1798 470 1862 amicitiae
488 1804 552 1862 tum
565 1805 596 1864 te
616 1799 789 1864 constantia
806 1798 927 1872 longae,

157 1885 195 1945 tc
250 1883 330 1944 Ante
348 1890 420 1947 tuos
440 1889 527 1946 ortus
547 1881 717 1958 quaemihi
732 1887 845 1958 coepte
863 1880 945 1955 iuit,‡

206 1967 244 2028 nt
263 1968 350 2042 quod
362 1979 433 2030 eras
451 1966 522 2028 aliis
535 1965 649 2041 iectus,
665 1965 739 2026 mihi
754 1971 843 2028 natus
860 1965 986 2038 amicus,

250 2050 402 2128 Quodque
415 2049 470 2111 tibi
484 2051 516 2110 in
529 2050 616 2110 cunis
632 2051 741 2112 oscula
752 2047 858 2125 'pruna
877 2048 959 2108 dedi.

208 2134 298 2210 Quod
313 2151 383 2198 cum
396 2141 501 2198 vestra
515 2135 625 2195 domus
640 2132 841 2196 tenerismilti
855 2145 978 2210 semper
991 2126 1030 2190 ab
1048 2127 1137 2190 aunis

251 2218 406 2293 collusit,
423 2233 497 2282 esse
510 2223 601 2280 vetus
617 2232 667 2278 me
681 2217 735 2280 tibi
750 2216 837 2292 vcogit
856 2230 944 2277 onus.
1038 2242 1040 2246 ·

154 2308 191 2364 7⁵
206 2301 256 2364 Me
271 2309 343 2365 tuus
363 2301 415 2364 ille
433 2308 536 2378 pater,
555 2301 661 2364 Latiae
679 2301 826 2366 facundia
837 2300 967 2376 inguae,

250 2385 334 2460 Quae
348 2403 412 2454 non
426 2385 553 2448 interior
569 2383 727 2449 nobilitate
742 2385 816 2458 fuit,
857 2393 858 2400 ’

205 2469 341 2544 Primus,
355 2476 390 2532 ut
403 2470 549 2532 cuderem
565 2469 754 2532 committere
768 2466 904 2530 carmina
914 2465 1026 2542 lamae,

248 2553 380 2630 Impulit.
409 2553 523 2630 ingenii
538 2553 603 2618 dux
619 2555 675 2616 iuil
689 2553 740 2614 ille
753 2552 824 2613 mel.
921 2593 923 2596 -
1028 2561 1030 2566 ’

205 2635 284 2714 Neo,
301 2651 363 2713 quo
380 2637 420 2700 sil
433 2638 566 2714 primum
580 2637 671 2700 nobis
688 2642 862 2712 atampore
876 2633 996 2706 cultus,

153 2726 192 2782 eo
248 2720 407 2784 Contendo
423 2721 547 2785 fratrem
566 2737 663 2798 posse
676 2720 792 2780 reterre
805 2723 935 2782 tuum-,-

205 2804 248 2865 Te
265 2812 367 2866 tamen
385 2813 456 2868 ante
470 2805 571 2868 omnis
590 2807 633 2866 ita
648 2821 717 2866 sum
731 2801 918 2877 conplexus,
935 2806 970 2860 ut
985 2815 1067 2860 unus

248 2888 392 2963 Quolibet
406 2890 438 2952 in
455 2905 532 2951 casu
546 2889 645 2964 gratia
659 2893 767 2950 nostra
785 2888 881 2947 iores.

205 2971 318 3034 Ultima
331 2989 380 3036 me
400 2981 501 3036 tecum
517 2973 592 3034 vidit
609 2973 800 3049 maestisque
814 2968 961 3030 cadentes

247 3055 380 3134 Excepit
393 3057 536 3119 lacrimas
550 3057 690 3119 Aethalis
705 3057 772 3117 Ilva
788 3053 893 3129 genis=

153 3144 190 3200 et
206 3138 280 3203 Cum
296 3140 351 3204 libi
366 3141 540 3218 quaerenti,
556 3158 628 3204 num
641 3156 734 3200 verus
753 3137 878 3200 nuntius
894 3141 986 3208 esset,

247 3225 401 3288 Attulerat
420 3226 531 3302 eulpae
551 3240 644 3300 quem
658 3226 740 3285 mola
754 3222 836 3286 ramo
854 3235 950 3295 meae,

203 3307 286 3369 Inter
306 3309 486 3372 consessum
505 3308 597 3373 dubie
612 3309 766 3384 dubieque
785 3311 947 3381 negantem

247 3391 436 3470 Kaesonem,
454 3393 587 3470 parides
607 3394 699 3459 dante
717 3391 827 3454 timore
843 3396 960 3468 notas„
992 3425 993 3430 κ

204 3474 420 3557 Exemploque
433 3477 530 3555 nivis,
552 3495 645 3558 quam
662 3476 759 3542 mollit
778 3472 939 3552 aquatione
958 3476 1069 3542 auster,
