2520 4012
162 208 205 272 28
390 253 400 266 ·
565 209 793 271 TRISTIUM

197 396 241 412 --
290 365 387 426 Posse
402 378 515 424 nocere
529 361 638 424 animis
653 362 901 428 carminlsumne
916 377 1025 436 genus.

186 453 237 510 065
248 447 314 509 Non
326 456 426 508 tamen
439 448 554 508 idcirco
570 447 683 507 crimen
697 445 774 505 liber
788 445 886 507 omnis
901 445 1034 506 habebit.

292 531 338 594 Nil
354 532 490 608 prodest,
514 532 599 607 quod
612 546 674 591 non
688 529 813 588 laedere
827 529 927 604 possit
940 529 1031 590 idem.

180 634 181 638 ¹
249 618 324 692 Igne
340 615 414 690 quid
428 615 551 676 utilius?
572 613 677 689 Siquis
691 620 792 672 tamen
806 628 896 672 urere
909 619 988 672 tecta

293 699 463 774 comparat,
486 698 622 758 audaces
637 697 757 756 instruit
771 696 842 770 igne
856 712 974 757 manus.

246 783 344 858 Eripit
356 782 516 857 interdurn,
538 781 630 840 modo
647 780 698 839 dat
712 780 863 839 medicina
877 781 1014 853 salutern,

187 875 242 930 270
281 866 440 941 *Quaeque
454 866 546 940 iuvet,
567 871 724 935 monstrat,
742 879 884 938 quaeque
898 865 938 924 sit
951 864 1048 924 herba
1061 879 1190 931 nocens.

249 951 287 1011 Et
301 951 377 1009 latro
393 957 422 1009 et
435 954 545 1008 cautus
560 949 765 1028 praecingitur
779 961 853 1007 ense
869 947 981 1010 viator:

234 1033 235 1037 ’
288 1032 342 1092 ille
357 1033 415 1094 scd
429 1032 574 1107 insidias,
594 1031 644 1090 hic
659 1031 717 1090 sibi
730 1037 832 1106 portat
847 1047 947 1106 opem.

250 1116 392 1188 Discitur,
414 1117 563 1176 innocuas
578 1122 612 1175 ut
625 1122 696 1190 agat
710 1114 853 1174 facundia
868 1127 994 1176 causam
1050 1149 1053 1154 -
1117 1170 1119 1178 .

177 1200 180 1210 ’
288 1199 422 1274 Protegit
434 1199 512 1260 haec
527 1204 643 1272 sontes,
663 1197 883 1274 inmeritosque
897 1198 1015 1274 premit.

190 1293 241 1349 075
254 1283 304 1344 Sic
319 1283 409 1358 igitur
423 1298 555 1356 carmen,
575 1287 661 1342 rectu
674 1282 701 1342 si
715 1287 816 1342 mente
830 1283 957 1357 legatur,

298 1367 462 1442 Constabit,
485 1367 559 1426 nulli
573 1380 669 1441 posse
683 1381 797 1426 nocere
810 1381 920 1425 meum.

199 1482 241 1512 -,-
251 1452 292 1511 At
307 1450 453 1525 quiddam
468 1447 531 1509 vitii
549 1449 733 1524 quicumque
747 1449 818 1509 hinc
833 1449 975 1525 concipit,
996 1458 1083 1526 errat,

199 1567 242 1580 -·
293 1535 331 1594 Et
345 1534 468 1594 nimium
483 1533 606 1608 scriptis
621 1533 750 1616 abrogat
763 1532 814 1592 ille
828 1533 915 1598 meis

251 1617 292 1679 Ut
304 1623 405 1677 tamen
420 1617 480 1677 hoc
494 1616 599 1689 fatear,
620 1616 684 1676 ludi
700 1631 823 1691 quoque
838 1616 956 1677 semina
970 1615 1129 1692 praebent.

189 1711 242 1766 280
290 1701 460 1776 Nequitiae.
489 1699 554 1761 tolli
568 1707 633 1760 tota
645 1701 764 1760 theatra
776 1697 862 1760 iubet

247 1783 399 1845 Peccandi
415 1797 540 1862 causam
555 1800 645 1859 quam
661 1783 762 1844 multis
778 1799 874 1859 saepe
889 1784 1046 1861 dederunt,

291 1867 482 1928 Martiarum
497 1867 607 1927 durum
622 1867 729 1927 sternit
742 1867 857 1928 harena
872 1867 984 1927 solum.

249 1951 382 2014 Tollatur
397 1949 515 2011 Circus!
538 1966 600 2010 non
615 1956 680 2010 tuta
694 1951 815 2011 licentia
829 1951 906 2011 Circi
921 1956 981 2011 est:

288 2034 344 2095 Hic
358 2035 447 2094 sedet
460 2035 565 2108 ignoto
580 2035 682 2094 iuncta
698 2035 800 2109 puella
813 2035 890 2096 viro.

188 2123 240 2180 085
252 2117 326 2178 Cum
342 2118 494 2193 quaedam
508 2119 677 2193 spatientur
691 2118 721 2178 in
736 2117 804 2193 hac,
827 2125 859 2178 ut
873 2123 990 2180 amator
1003 2119 1112 2178 eadem

296 2201 470 2274 Conveniat,
490 2217 585 2276 quare
602 2202 739 2278 porticus
753 2203 816 2262 ulla
830 2209 934 2278 parete

252 2284 325 2357 Quis
339 2285 428 2344 locus
443 2291 491 2344 est
504 2285 626 2360 templis
641 2286 821 2360 augustior?
845 2287 929 2346 Haec
945 2301 1069 2362 quoque
1084 2285 1167 2364 vitet,

290 2367 324 2426 In
339 2369 460 2442 culpam
474 2368 564 2444 siqua
579 2377 626 2429 est
639 2369 800 2444 ingeniosa
815 2386 912 2430 suam.
1244 2365 1245 2404 ³

253 2447 327 2510 Cum
342 2451 458 2511 steterit
471 2450 553 2511 lovis
570 2453 657 2524 aede,
680 2453 763 2514 Iovis
779 2459 936 2514 succurret
950 2453 981 2524 in
997 2454 1083 2529 aede,

188 2540 242 2595 090
294 2533 389 2606 Quam
404 2535 513 2595 multas
529 2542 641 2596 matres
658 2537 763 2596 lecerit
777 2537 827 2596 ille
842 2539 930 2597 deus.

135 2684 137 2688 Α
250 2615 393 2677 Proxima
407 2618 547 2678 adoranti
561 2619 690 2680 Iunonia
704 2621 818 2696 templa
832 2619 953 2693 subibit,

291 2699 442 2762 Pelicibus
457 2703 558 2762 multis
572 2703 651 2764 hanc
666 2703 805 2764 doluisse
819 2705 918 2765 deam.

248 2783 373 2845 Pallade
388 2792 563 2860 conspecta,
583 2794 686 2847 natum
701 2788 741 2847 de
755 2788 880 2847 cnudne
894 2788 980 2862 virgo

292 2865 454 2928 Sustulerit
469 2885 573 2944 quare,
597 2879 732 2946 quaeret,
752 2869 993 2946 Erichthonium.

189 2957 241 3012 295
252 2951 379 3011 Venerit
392 2951 422 3010 in
436 2952 538 3025 magni
553 2954 707 3030 templum,
724 2962 777 3016 tua
790 2971 925 3029 munera,
945 2953 1061 3030 Martis,

292 3031 358 3094 Stat
374 3035 480 3095 Venus
495 3034 593 3096 Ultori
607 3037 724 3113 iuncta,
744 3035 876 3098 virente
890 3039 984 3099 iores.

252 3117 343 3178 lsidis
359 3118 437 3178 aede
452 3119 576 3195 sedens,
596 3135 651 3182 cur
665 3122 744 3182 hanc
759 3121 910 3197 Saturnia,
935 3127 1069 3198 quaeret,

291 3201 394 3276 Egerit
407 3203 493 3262 Ionio
506 3201 724 3282 Bosporioque
738 3206 837 3266 morit

251 3284 285 3343 ln
299 3285 421 3345 Venere
434 3286 598 3363 Anchises,
619 3290 649 3348 in
664 3289 750 3350 Luna
763 3289 900 3350 Latmius
914 3289 1018 3362 heros,

188 3374 242 3428 300
289 3367 323 3427 ln
339 3368 449 3428 Cerere
462 3369 570 3442 Iasius
593 3373 645 3446 qui
659 3373 816 3448 reseratur,
840 3374 905 3432 erit.

250 3446 357 3512 Omnia
369 3465 534 3528 perversas
549 3463 682 3528 possunt
694 3469 891 3534 corrumpere
902 3461 1036 3522 mentesa
