2454 4004
168 261 235 324 ⁴nno
553 228 807 318 nnsnouun
891 247 893 250 ·

197 423 246 478 [60
301 409 441 470 ‘Parcite
470 425 527 483 pro
542 423 638 482 parvo
655 407 777 470 victima
792 408 995 482 portacent..
1110 453 1114 458 -

134 557 138 566 q
258 495 317 556 Gon
333 508 388 567 pso
404 491 513 564 eorde,
532 506 656 566 precor,
672 490 833 564 prolibus
848 491 959 552 sumite
977 491 1094 557 fibras.-

298 576 386 636 llano
400 576 530 634 animam
542 574 639 634 ¹noina
658 589 716 648 pno
730 574 856 636 melione
871 575 1005 636 damus!

258 659 311 722 Sie
323 659 375 718 ubi
392 658 513 734 libavit,
528 664 671 732 prosecta
686 657 743 718 sub
759 657 882 718 aetium
896 659 992 733 pouit,

301 741 419 818 Quique
432 741 531 802 assint
545 741 657 812 saeris,
674 739 832 815 rasptoara
844 741 896 802 illa
909 749 1002 802 vetat.

111 894 112 897 Ἴ
195 837 245 895 165
258 827 417 901 virgaque
430 823 544 884 lanulis
560 825 601 898 tle
614 824 704 898 spina
717 823 840 898 ponitur
855 825 934 900 uua,

300 908 367 983 Qua
380 912 482 969 lumen
495 908 635 970 tholumm
652 922 750 982 panna
765 909 900 970 fenestre
914 907 1017 970 dabat.

258 994 331 1054 Post
342 993 419 1052 illud
433 1007 492 1056 neo
505 1008 580 1054 aves
595 1007 690 1052 eonas
704 991 842 1052 violasse
856 992 1002 1070 feruutur,

300 1077 338 1136 Et
352 1077 443 1136 rediit
456 1091 570 1151 puero,
582 1074 640 1150 -qui
655 1075 710 1134 luit
724 1081 810 1148 anta,
824 1075 919 1138 color.
1002 1107 1004 1109 ·

259 1158 386 1235 Pinguia
401 1176 454 1218 our
466 1159 528 1218 illis
543 1164 702 1233 gustentur
715 1158 803 1218 latua
815 1157 973 1231 Kalendis,
1097 1235 1101 1240 1
1210 1189 1211 1244 3

199 1253 249 1310 170
302 1245 461 1318 Mixtaque
471 1258 543 1302 xestin
559 1242 658 1302 auido
675 1242 715 1310 sit
728 1241 799 1302 taba
814 1243 908 1315 lame,
923 1247 1039 1316 rognst

185 1359 188 1364 ,
258 1328 361 1390 Prisca
373 1325 436 1386 *dea
449 1333 513 1399 est,
526 1326 678 1400 aliturque
692 1323 768 1386 ciuis
785 1325 898 1400 quinus
913 1333 983 1387 ante
1001 1323 1127 1400 solebat,
1210 1339 1211 1362 t

301 1411 363 1470 Neo
379 1409 454 1484 petit
467 1409 579 1472 essitas
594 1408 755 1472 luxurioso
769 1408 878 1484 dapes..

259 1494 356 1554 Piscis
376 1493 478 1553 adhue
492 1494 535 1553 illi
553 1492 753 1568 populosius
767 1491 876 1554 froude
889 1492 1023 1567 emutat,

304 1576 473 1651 ostreaque
485 1578 518 1638 in
533 1576 658 1638 oonehis
673 1581 739 1639 tuta
748 1576 837 1638 luere
851 1577 926 1638 suis.

198 1660 456 1724 itellectuum
473 1668 576 1735 norat,
592 1676 684 1735 quam
703 1661 831 1735 praebet
849 1659 935 1722 Ionia
951 1657 1050 1733 dives,

302 1745 366 1804 Neo
381 1761 462 1820 quae
475 1743 630 1820 Pygmaeo
648 1745 798 1820 sunguine
812 1743 941 1818 gaudet,
956 1758 1057 1807 avam.

259 1829 298 1888 Et
312 1835 433 1903 praeter
447 1829 557 1902 pinnas
572 1826 645 1888 nihil
660 1829 690 1887 in
706 1842 829 1902 pavone
843 1825 994 1904 placebat.

302 1913 365 1970 Nee
378 1912 469 1974 tellus
487 1918 593 1986 captas
608 1912 732 1972 miseret
747 1919 811 1972 oute
828 1912 920 1971 tems.

262 1993 322 2056 Sus
338 2004 403 2056 erat
420 1995 451 2054 in
466 1996 573 2070 pretio.
603 2011 695 2055 caesa
709 2011 765 2056 sue
779 1995 859 2056 lesia
875 1993 1025 2057 colebant.

198 2091 250 2148 180
305 2075 399 2140 Tema
414 2079 501 2138 tabas
518 2085 633 2139 tantum
648 2079 787 2154 duraque
802 2079 884 2141 lauru
898 2076 1001 2138 dabat.
1091 2137 1094 2144 ,

261 2166 345 2241 Quae
362 2163 423 2223 duo
438 2163 532 2223 mixta
546 2163 636 2223 simul
651 2163 747 2223 sextis
763 2162 949 2238 quicumque
959 2159 1106 2222 Kalendis

195 2259 196 2264 ’
302 2247 407 2306 Ederit
416 2242 431 2319 ,⁸
440 2245 510 2306 huie
524 2245 605 2306 laedi
619 2248 740 2306 viscera
755 2259 853 2322 posse
867 2249 989 2320 negant.
1068 2247 1072 2251 '

261 2333 342 2392 Aroe
357 2330 526 2405 quoquejn
544 2337 662 2391 summa
676 2331 784 2392 lunoni
798 2331 911 2406 templa
925 2329 1068 2388 Monetae

302 2413 350 2474 Ex
364 2420 437 2473 voto
453 2420 623 2474 memorant
638 2415 732 2490 laeta,
749 2415 887 2487 Camilla,
903 2420 965 2474 tuo.

200 2509 249 2565 185
265 2501 344 2559 Ante
358 2497 467 2556 domus
482 2496 575 2556 Manli
590 2498 705 2572 luerat,
722 2500 774 2572 qui
789 2498 904 2560 Gallina
919 2495 1075 2570 qnondam

303 2583 331 2641 A
347 2580 515 2656 Capitolino
534 2581 667 2656 reppulit
681 2598 765 2642 arma
779 2583 861 2642 Iove.
934 2637 938 2642 .

262 2667 357 2741 Quam
372 2663 465 2738 bane,
482 2664 512 2723 di
528 2666 644 2740 magnit
671 2681 775 2740 pugna
790 2667 998 2728 cecidisset-in
1013 2664 1074 2740 illa,

303 2750 456 2810 Defensor
470 2749 554 2823 solii,
569 2747 706 2824 luppiter
719 2750 794 2824 alte,
809 2751 867 2810 tui!

261 2833 361 2905 Vixit,
376 2839 411 2892 ut
425 2832 580 2892 occideret
595 2833 756 2894 damnatus
772 2833 898 2894 erimine
918 2833 1014 2908 regni.

200 2925 252 2981 190
307 2917 394 2975 Hune
409 2915 451 2974 illi
466 2916 583 2977 titulum
598 2918 690 2992 longa
705 2917 946 2978 seneotn'dabat.

262 2999 330 3060 Lux
344 2999 453 3058 eadem
467 2997 555 3059 Marti
569 3001 647 3060 leste
661 3007 723 3073 ost,
741 3017 830 3076 quem
845 3001 996 3076 prospicit
1010 3005 1097 3062 extra

304 3082 492 3156 Appositum
506 3085 616 3142 Tectae
632 3091 721 3158 poma
735 3083 858 3160 Capena
872 3086 950 3145 viae.

262 3166 304 3224 Te
320 3181 461 3240 quoque,
476 3167 669 3242 Tempestas,
687 3169 823 3230 meritam
839 3168 968 3230 delubra
981 3170 1122 3240 saletum,

198 3267 206 3279 s
306 3247 380 3308 Cum
394 3263 493 3322 paene
508 3257 556 3310 est
569 3251 672 3312 Corsis
689 3252 796 3314 obruta
809 3252 921 3313 elassis
937 3251 1047 3327 aquis..

200 3337 250 3394 195
265 3329 348 3389 Haeo
362 3330 517 3390 hominum
532 3335 716 3396 monimenta
731 3343 843 3411 potant.
872 3336 906 3397 Si
921 3335 1070 3411 quaeritis
1087 3339 1167 3404 astro,

305 3411 389 3474 Tune
404 3413 499 3473 oritur
512 3419 612 3492 magni
629 3435 762 3498 praepes
777 3421 897 3482 adunca
911 3420 1006 3482 Invisa
