2520 4008
121 188 182 288 148
375 257 379 261 -
511 220 828 322 suasuro*

246 377 408 436 Arcturum
427 371 507 436 subii
523 373 743 449 Pleiadumque
760 371 870 433 mines.

205 459 307 534 Saepe
326 457 428 519 solent
440 457 571 520 hiemem
586 458 740 535 placidam
755 457 869 517 sentire
885 459 1025 520 carinae:

155 549 191 606 60
245 542 314 604 Non
329 541 453 603 Ithacae
467 542 565 619 puppi
582 542 707 625 saevior
720 539 804 604 unda
821 539 887 600 tuit.

120 663 122 668 ,
203 627 299 688 Recta
318 625 397 688 fides
419 628 562 686 comitum
577 632 697 701 poteret
713 626 794 684 maia
808 630 915 684 nostra
930 626 1055 688 levare:
1123 648 1127 653 ·

245 709 347 770 Ditatc
360 716 409 771 est
422 709 531 786 spoliis
545 709 666 784 perfida
680 708 770 770 turba
784 709 871 768 meis.

203 793 306 854 Mitius
321 794 447 854 exilium
461 793 575 852 faciunt
589 793 670 854 loca.
696 792 811 852 tristior
825 793 885 852 istc
919 787 924 796 “

244 879 338 936 Terra
353 875 411 937 sub
426 875 577 936 ambobus
593 891 656 936 non
674 876 753 936 iecet
767 875 830 934 ulia
846 875 927 951 polis

155 965 189 1022 65
203 961 259 1021 Est
273 959 405 1035 aliquid,
425 959 532 1036 patriis
549 959 683 1020 vicinum
698 958 811 1020 finibus
830 973 920 1020 esse:

245 1043 356 1104 Ultima
369 1058 418 1104 me
437 1043 543 1118 teitus,
559 1041 682 1104 ultimus
699 1041 783 1104 orbis
798 1042 899 1103 hebet.
999 1047 1002 1050 “

201 1125 340 1187 Praestat
356 1133 386 1186 ct
402 1126 543 1188 exulibus
560 1141 671 1203 pacem
684 1133 736 1186 tua
751 1127 873 1200 taurea,
894 1126 1010 1188 caesar
1104 1182 1107 1185 .

244 1209 370 1272 Pontica
384 1210 511 1271 finitimo
527 1217 607 1271 terra
621 1209 678 1272 sub
693 1209 783 1270 hoste
797 1209 885 1271 iacet.

71 1353 73 1359 ,
201 1294 336 1370 Tempus
355 1295 386 1354 in
401 1309 546 1369 agrorum
561 1295 643 1356 cuttu
658 1309 840 1356 consumere
855 1293 946 1354 dulce
965 1302 1029 1355 est:

57 1427 59 1430 .
152 1389 187 1444 70
243 1377 309 1438 Non
325 1377 439 1454 patitur
454 1379 531 1438 verti
544 1377 695 1440 barbarus
711 1377 811 1438 hostis
825 1377 960 1440 humum.

201 1461 361 1536 Temperie
376 1462 453 1522 caeli
468 1477 644 1537 corpusque
660 1461 843 1537 animusque
857 1462 999 1523 iuvantur

243 1544 370 1620 Frigore
384 1551 533 1620 perpetuo
552 1545 700 1606 Sarmatis
717 1561 772 1606 ora
786 1546 873 1620 riget.

200 1629 256 1690 Est
269 1629 301 1688 ia
320 1644 402 1703 eque
418 1629 499 1689 dulci
514 1645 575 1690 non
590 1629 746 1690 invidiose
761 1627 903 1704 voluptas

243 1714 410 1786 Aequoreo
426 1711 538 1774 bibitur
553 1727 623 1774 cum
637 1714 702 1773 sale
718 1713 812 1778 mixte
826 1712 926 1788 palus.
953 1773 955 1780 ,

148 1801 183 1858 75
198 1794 305 1855 Omnia
319 1796 473 1856 deficiunt.
490 1796 619 1858 Animus
634 1803 735 1858 tamen
756 1797 857 1856 omnia
870 1797 964 1857 vincit
996 1856 999 1862 .

186 1939 188 1942 .
242 1879 296 1938 lite
317 1879 407 1940 etiam
421 1881 504 1939 vires
520 1895 635 1956 corpus
649 1879 764 1941 habere
783 1875 865 1940 iacit.

156 2011 159 2015 .
202 1962 362 2024 Sustinees
383 1971 415 2024 ut
430 1979 526 2040 onus,
547 1965 703 2025 nitendum
718 1964 833 2024 vertice
849 1965 940 2040 piene
961 1971 1016 2038 est,

241 2047 302 2106 Aut
318 2047 400 2108 ilecti
417 2063 531 2121 nervos
547 2050 574 2108 si
590 2049 721 2123 patiere,
738 2047 837 2108 cadet.

201 2127 281 2204 Spes
298 2146 439 2207 queque,
455 2147 552 2210 posse
566 2147 654 2192 moro
668 2134 830 2192 mitescere
846 2132 994 2208 principis
1008 2132 1096 2208 iram,

147 2221 183 2276 80
238 2214 352 2274 Vivere
367 2231 406 2275 ne
421 2216 513 2276 nolim
531 2216 749 2292 defletumque,
771 2223 869 2275 cavet.

198 2297 260 2354 Nec
274 2311 333 2358 vos
348 2314 445 2375 parva
461 2298 541 2360 datis
556 2301 648 2374 pauci
663 2299 780 2360 solacia
795 2299 894 2374 nobis

241 2380 376 2453 Quorum
390 2389 530 2458 spectata
545 2390 593 2444 est
609 2399 664 2458 per
678 2384 759 2443 incia
773 2389 878 2444 nostre
893 2383 982 2444 fides.

199 2461 315 2537 Coepta
330 2470 409 2537 tene,
428 2481 555 2541 quaeso,
573 2483 674 2542 neque
689 2468 720 2526 in
735 2482 871 2542 aequore
887 2467 997 2530 desere
1012 2483 1146 2542 navem,
1256 2495 1257 2508 2

239 2546 352 2623 Meque
367 2547 458 2610 simui
473 2564 564 2610 serva
580 2550 787 2626 iudiciumque
801 2557 894 2613 tuum.

146 2725 188 2822 8.
247 2766 439 2826 courum,

197 2845 358 2942 Redditus
377 2890 425 2944 est
441 2882 530 2944 nobis
551 2884 664 2946 Caesar
682 2902 751 2948 cum
768 2887 901 2948 Caesare
916 2904 1022 2964 nuper,

240 2966 323 3038 Quos
339 2965 412 3026 mihi
430 2966 553 3041 misisti,
569 2967 703 3030 Maxime
718 2970 819 3044 Cotta,
837 2972 924 3034 deos.

196 3045 298 3122 thue
316 3053 400 3110 tuum
415 3065 526 3113 munus
538 3069 712 3127 numerum,
730 3070 821 3130 quem
837 3053 943 3128 debet,
961 3055 1100 3133 haberet,

239 3131 295 3191 Est
313 3131 355 3192 ibi
370 3133 554 3196 Caesaribus
569 3135 656 3196 Livia
672 3137 774 3201 iuncta
788 3139 863 3199 suis.

168 3214 366 3288 surgentum
383 3217 456 3278 teiix
475 3217 618 3296 omnique
635 3219 754 3284 beatius
769 3239 854 3300 aure,

240 3297 329 3371 Quod
347 3299 437 3362 fuerit
450 3304 581 3377 pretium
595 3320 662 3366 cum
680 3307 771 3383 rude,
787 3305 900 3368 numen
915 3307 1018 3368 habete

196 3379 263 3441 Non
279 3381 350 3442 mihi
366 3383 488 3446 divitias
503 3386 605 3448 dende
621 3389 737 3452 maiora
752 3391 905 3465 dedisses,

240 3463 403 3529 Caelitibus
422 3469 526 3540 missis
540 3478 646 3534 nostra
663 3474 720 3536 sub
736 3491 790 3536 ere
806 3473 914 3538 tribus.
