2520 4008
420 227 458 303 u,
479 225 513 310 e,
534 225 667 306 ra-ru
693 227 743 292 ιο.

192 381 297 444 Gratia
311 386 384 458 post
399 394 528 456 magnos
545 387 592 442 est
604 381 658 442 tibi
674 381 817 444 habenda
832 383 919 445 deos.

148 465 205 526 llle
220 463 304 526 dedit
319 465 423 525 vitam.
454 471 496 540 tu,
520 475 612 540 qnam
627 463 712 526 dedit
726 467 785 542 ille,
809 469 912 543 tueris,

178 551 230 621 rtlt
246 550 322 610 lacis
338 555 467 625 accepte
481 563 607 608 munere
623 563 722 624 posse
736 550 806 610 frui.
883 575 889 594 ι

109 642 145 698 15
157 635 294 710 Cumque
308 631 503 708 perhorreret
517 647 609 693 casus
625 647 698 708 pars
709 633 846 694 maxima
861 641 995 710 nostros,

193 716 269 777 Pars
285 717 374 776 etiarn
389 715 474 776 credi
490 718 687 792 pertimuisse
702 718 782 793 velit,

152 800 412 876 Naufragiumque
425 813 528 860 meum
539 803 657 862 tumulo
671 808 823 877 spectaret
837 801 874 862 ab
891 803 963 878 alto,

196 885 260 944 Nec
277 883 396 944 dederit
408 883 492 942 nanti
505 899 563 959 per
578 885 653 945 treta
669 901 763 946 saeva
777 890 909 962 manum,
944 899 953 911 ·

156 967 347 1030 Semineeem
364 965 471 1044 Stygia
484 969 638 1028 revocasti
654 969 739 1028 solus
754 969 792 1028 ab
808 971 898 1032 unda.

110 1059 149 1114 20
198 1051 408 1128 Haemoque,
421 1053 1091 1130 qucdmemorespossumusessetnumest.

154 1135 193 1196 ni
207 1135 261 1196 tibi
273 1151 313 1195 se
326 1135 460 1196 tribuant
475 1151 545 1196 curn
560 1134 691 1196 Caesare
708 1151 831 1213 semper
845 1139 978 1198 amicos:

196 1219 265 1280 Non
278 1220 377 1296 potuit
390 1224 495 1279 votum
509 1219 632 1295 plenius
647 1234 718 1280 esse
732 1235 843 1281 meum.
927 1295 928 1300 ἵ

155 1303 239 1365 Haec
253 1318 340 1364 meus
356 1304 480 1378 argutis,
496 1305 532 1363 ¹si
546 1310 580 1364 tu
592 1310 741 1380 paterere,
766 1303 876 1364 libellis

196 1386 327 1447 Poneret
341 1387 371 1446 in
386 1387 482 1448 multa
495 1389 564 1448 luce
578 1387 714 1448 videnda
728 1386 824 1449 labor.

112 1481 148 1536 25
159 1471 245 1534 Nunc
260 1485 384 1547 quoque
398 1487 442 1544 se,
466 1472 607 1547 quamvis
624 1479 672 1533 est
683 1472 769 1532 iussa
784 1472 953 1547 quiescere,
975 1471 1091 1549 quinte

197 1554 339 1616 Nominet
352 1555 487 1627 invitum,
510 1555 564 1614 vix
579 1569 647 1615 mea
659 1555 749 1616 Musa
762 1561 863 1616 tenet
879 1595 888 1602 -

156 1637 257 1712 thue
272 1655 378 1698 canem
392 1638 525 1714 pavidae
537 1645 660 1700 nactum
674 1639 804 1715 vestigia
818 1653 928 1700 cervae

197 1721 375 1784 Luctantem
388 1723 502 1784 trustra
514 1724 629 1798 copula
645 1722 722 1784 dura
735 1728 825 1801 tenet,

157 1805 259 1880 thue
273 1807 356 1866 tores
370 1805 507 1868 nondum
521 1807 650 1880 reserati
664 1806 795 1868 carceris
812 1821 883 1866 acer
970 1815 971 1818 ’

112 1896 150 1952 30
181 1888 268 1950 Nune
281 1891 370 1965 pede,
393 1905 473 1950 nunc
488 1891 558 1966 ipsa
570 1891 673 1952 ironte
686 1890 811 1950 lacessit
825 1905 932 1964 equus,

159 1971 210 2032 Sic
221 1973 380 2048 'mealege
393 1975 468 2034 deta
478 1974 582 2036 vincta
597 1982 689 2050 atque
705 1975 824 2036 inclusa
838 1973 942 2033 Thalia

198 2055 257 2116 Per
270 2057 386 2118 titulum
400 2058 485 2118 vetiti
498 2059 631 2118 neminis
646 2059 691 2118 ire
706 2057 799 2133 cupit.

144 2139 202 2226 ‘Ne
215 2145 318 2200 tamen
334 2141 437 2226 cilicio
450 2143 594 2203 memoris
611 2141 746 2203 laedaris
760 2140 858 2216 enrici,

123 2221 129 2229 “
152 2211 157 2230 “
196 2221 316 2284 Parebo
331 2225 456 2286 iussis...
472 2238 566 2300 parce
579 2225 716 2286 timere...
731 2225 802 2285 tuis.

113 2310 150 2368 ³5
161 2306 202 2366 At
216 2323 277 2368 non
294 2316 445 2383 parerem,
465 2308 524 2368 nisi
539 2325 588 2368 me
602 2308 779 2370 meminisse
793 2313 927 2384 putares.

133 2456 135 2461 ,
197 2389 264 2448 Ηοο
280 2391 364 2464 quod
379 2407 441 2453 non
456 2389 599 2466 prohibet
613 2409 675 2456 vox
691 2399 752 2468 tua,
774 2397 880 2468 gratus
895 2405 958 2450 ero.

156 2473 328 2548 Dumque...
345 2476 430 2550 quod
444 2490 462 2535 o
477 2472 572 2538 breve
587 2477 662 2538 sitm
677 2477 778 2536 lumen
793 2476 895 2536 solare
908 2472 1030 2549 videbe,

198 2555 319 2618 Serviet
334 2559 436 2620 oltieic
453 2560 578 2636 spiritus
593 2561 651 2622 iste
664 2566 728 2621 tuo.

487 2667 675 2682 ..ι-’.ωα-

73 2680 323 2786 100Utsumus
341 2723 371 2784 in
385 2724 492 2802 Ponte,
514 2733 561 2787 ter
574 2726 688 2800 frigore
703 2723 836 2785 conectit
849 2721 961 2798 Hister,
987 2791 989 2794 ,

170 2848 171 2852 η
198 2803 291 2866 Facta
306 2811 353 2867 est
366 2807 479 2870 Euxini
494 2810 631 2870 durater
643 2806 844 2869 undamaris.

157 2888 198 2948 At
210 2889 283 2950 milri
297 2889 359 2952 iarn
373 2891 483 2953 videor
496 2893 595 2968 patria
608 2894 715 2968 procul
730 2906 801 2952 esse
815 2895 860 2951 tot
874 2887 972 2964 annis,

197 2972 343 3034 Dardana
357 2982 433 3050 quot
444 2977 535 3037 Graio
547 2976 636 3036 Troia
651 2975 709 3036 sub
723 2975 813 3036 hoste
827 2973 892 3032 luit.
963 3025 965 3028 .
997 2995 1000 2998 ·

129 3063 147 3117 c
161 3055 248 3116 Stare
262 3063 362 3133 putes,
385 3058 464 3121 adeo
477 3060 649 3136 procedunt
662 3067 801 3134 tempora
814 3056 909 3131 tarde,

125 3194 130 3197 Α
197 3138 236 3200 nt
248 3142 371 3218 peragit
382 3143 473 3204 lentis
489 3143 635 3220 passibus
650 3159 748 3203 annus
763 3143 829 3202 iter.

64 3251 68 3259 ·
156 3221 220 3283 Nec
234 3223 310 3286 mihi
325 3226 489 3288 solstitium
505 3229 669 3303 quicquam
684 3225 880 3288 detractibus
900 3225 1006 3300 aufert,

198 3305 302 3370 Eltlcit
315 3318 466 3393 ungasto-s
480 3327 539 3374 nec
551 3311 624 3371 milii
639 3310 747 3371 bruma
761 3309 838 3371 dies.

142 3413 144 3417 ¹
158 3388 285 3454 Scilicet
299 3391 331 3454 in
346 3394 440 3456 rebus
454 3409 557 3456 rerum
571 3401 679 3458 natura
693 3401 806 3456 novate
821 3401 876 3470 est,

113 3482 150 3536 lc
204 3475 343 3554 Cumque
355 3479 433 3540 meis
447 3479 529 3540 curis
543 3480 645 3542 omnia
658 3481 751 3555 longa
764 3477 845 3541 iacit.
