2520 4008
485 199 513 270 1,
536 194 565 270 4,
588 194 681 270 1-5,
704 194 754 262 13.
1069 197 1129 266 123,

192 353 256 414 Nec
270 349 344 410 mihi
357 346 474 423 Tiphys
490 354 554 408 eret
568 355 678 408 rector.
711 364 767 410 nec
782 350 925 426 Agenore
940 361 1029 416 natus

234 433 478 512 Quas-fugerem,
499 431 610 505 docuit,
632 448 711 506 quas
726 449 935 513 sequererque
949 437 1026 499 vias.
1099 491 1103 496 .

191 522 278 582 iilum
291 522 387 578 tutata
401 521 449 576 est
463 530 533 576 cum
546 513 670 576 Pallade
683 517 768 591 regia
783 519 873 582 lunae

147 616 185 670 40
236 601 410 663 Defendere
424 614 525 660 meum
539 600 664 660 numina
677 599 760 662 nulla
775 612 876 677 eaput.

191 689 278 748 Ilium
293 685 423 754 furtivae
438 683 544 743 iuvere
560 682 718 758 Cupidinis
735 690 831 746 artes:

176 781 179 786 ’
236 771 319 846 Quas
333 785 352 828 a
366 782 415 826 me
429 767 538 826 vellem
553 783 614 827 uon
630 767 791 828 didicisset
803 768 909 832 Amor.

193 857 247 916 lile
263 854 386 915 domum
400 849 499 911 rediit.
524 866 582 911 nos
597 851 645 911 his
660 853 824 913 moriemur
838 855 869 915 in
885 857 975 932 arvis,

235 935 401 998 perstiterit
414 933 492 994 loesi
509 934 536 994 si
551 933 654 1009 gravis
669 935 714 994 ira
729 936 788 997 dei.
884 991 889 1003 ,

151 1021 307 1086 tenarius
323 1025 370 1080 est
383 1019 475 1093 igitur
488 1024 635 1093 nostrum,
658 1017 809 1080 fidissima
823 1022 964 1100 coniunx,

234 1105 299 1178 llio,
323 1103 407 1179 quod
423 1101 516 1164 subiit
529 1102 656 1164 Aesone
670 1107 769 1177 natus,
792 1119 881 1166 onus

121 1203 128 1210 ⁸
192 1189 233 1250 Te
249 1202 382 1264 quoque,
404 1202 496 1263 quern
510 1186 652 1246 iuvenem
667 1187 831 1247 discedens
846 1189 928 1251 Urbe
942 1194 1059 1269 reliqui,

236 1271 386 1332 Credibile
401 1276 448 1330 est
462 1269 598 1330 nostris
591 1270 764 1330 insenuisse
778 1272 876 1332 malis

194 1355 234 1416 0!
256 1371 324 1430 ego,
346 1355 378 1414 di
392 1353 512 1427 iaciant,
534 1354 626 1413 talem
639 1361 669 1414 te
681 1367 807 1414 cernere
822 1370 956 1432 possem,

150 1438 378 1512 sedereque
390 1437 514 1499 mutatis
528 1439 636 1528 oscqia
649 1438 728 1498 serre
741 1437 838 1514 genis,

150 1449 408 1598 50Amplectique
425 1519 503 1581 meis
518 1535 632 1596 corpus
647 1536 709 1582 non
723 1521 838 1596 pingue
852 1522 983 1599 lacertis,

235 1604 412 1680 Εκςῑεοίιο
427 1603 487 1663 hoe
507 1603 589 1664 iecit’
605 1605 708 1664 dicere
722 1607 809 1664 ‘cura
822 1606 896 1668 mei:
890 1611 915 1644 ·’

192 1689 231 1749 Et
245 1703 370 1748 narrare
387 1701 472 1746 meos
488 1685 574 1750 ilenti
588 1687 689 1748 ilens
682 1703 750 1761 lpse
764 1683 914 1764 labores,

237 1771 368 1846 Sperato
382 1787 546 1846 numquam
562 1771 790 1847 conloquioque
805 1772 872 1846 frui,

149 1861 185 1916 55
196 1851 337 1930 'iuraque
352 1854 534 1915 caesaribus
551 1871 620 1916 cum
633 1855 765 1929 coniuge
779 1853 911 1916 Caesare
906 1858 1026 1950 digna,

235 1939 289 1998 Dis
303 1939 396 2011 veris,
418 1938 546 1999 memori
561 1939 664 2000 debite
679 1939 758 2000 ferre
772 1948 880 2000 inanut

193 2021 363 2082 Memnonis
378 2021 457 2081 hanc
471 2021 595 2098 utinam,
616 2024 709 2084 lenito
725 2021 873 2098 principe,
895 2031 990 2085 mater

236 2104 331 2179 Quam
345 2104 475 2182 primum
490 2120 582 2167 roseo
598 2110 748 2183 provocet
762 2119 816 2165 ore
830 2106 924 2166 diem!

525 2249 721 2261 *-

137 2288 182 2386 5.
236 2321 431 2382 unxrno.

99 2505 102 2511 ,
193 2403 252 2498 lile
266 2437 508 2511 tuosquondam
521 2451 583 2510 non
598 2437 720 2496 ultimus
735 2436 813 2495 inter
829 2436 955 2511 amicos,
1065 2497 1071 2504 ,

235 2520 275 2580 Ut
288 2535 346 2580 sua
359 2521 455 2579 verba
468 2521 563 2594 legas,
585 2519 726 2591 Maxime,
748 2519 831 2578 Naso
846 2526 942 2593 rogat.
957 2519 960 2524 ’

193 2605 227 2664 in
243 2601 354 2678 quibus
368 2603 523 2678 ingenium
537 2603 652 2665 desiste
666 2602 823 2676 requirere
837 2608 984 2676 nostrum,

235 2685 364 2746 Nescius
379 2685 462 2747 exilii
473 2701 516 2746 ne
528 2686 654 2747 videare
668 2685 736 2744 mei.

164 2769 310 2844 acernis,
329 2776 363 2828 ut
376 2769 520 2844 ignavum
534 2774 729 2844 corrumpant
744 2768 805 2828 otia
821 2783 942 2843 eorpus,
1031 2833 1034 2838 Δ

236 2853 277 2914 Ut
290 2853 413 2929 capiant
426 2853 540 2926 vitium,
563 2853 594 2912 ni
610 2858 797 2925 moveantur,
820 2866 928 2926 aquae.

193 2935 231 2996 Et
246 2935 320 2996 mihi
335 2937 432 3013 siquis
447 2941 512 2997 erat
525 2937 658 2998 ducendi
673 2935 814 2996 carminis
831 2951 913 3009 usus,

236 3019 355 3096 Deficit,
377 3028 488 3096 estque
503 3021 602 3083 minor
616 3021 714 3081 factus
729 3020 825 3080 inerte
840 3019 909 3079 situ.
968 3038 970 3043 ·

192 3099 424 3178 Haecquoque,
436 3104 636 3179 quaelegitis,
649 3121 676 3164 sr
667 3103 852 3178 quidmihi,
864 3101 1005 3176 Maxime,
1018 3085 1129 3175 credis,

148 3193 188 3246 10
238 3184 430 3248 Scribimus
422 3187 517 3247 invita
530 3189 646 3264 vixque
660 3193 769 3247 coacta
782 3203 883 3246 manu.

191 3267 259 3330 Non
275 3269 370 3330 libet
362 3287 392 3330 in
408 3271 477 3330 talis
494 3272 625 3331 animum
640 3269 825 3332 contendere
840 3283 938 3342 ouras,

232 3351 296 3412 Neo
311 3355 394 3414 venit
408 3354 449 3414 ad
465 3354 559 3414 duros
573 3353 664 3415 Musa
677 3358 789 3414 vocata
803 3353 904 3414 Getas.

126 3505 130 3510 .
190 3434 231 3495 Ut
244 3442 346 3496 tamen
361 3438 430 3513 ipse
444 3436 542 3512 vides,
564 3436 662 3498 luctor
677 3437 830 3498 deducere
844 3449 977 3494 versum.
