2520 4012
406 208 463 280 lv,
486 205 520 282 9,
543 207 683 286 27-10,
706 209 757 272 69.

201 363 275 424 Cum
289 362 383 438 perit,
400 367 430 420 et
446 359 533 436 coepi
549 367 636 435 parte
653 375 758 421 carere
773 359 841 424 mei.

148 446 303 522 Cepimus
319 451 350 504 et
364 452 488 512 tenerae
504 444 619 520 primos
634 445 743 504 aetatis
758 445 903 519 honores,

199 531 308 605 Deque
326 529 398 590 viris
416 529 570 605 quondam
585 543 659 604 pars
672 527 768 587 tribus
784 545 845 591 una
859 529 912 589 lui.

108 627 145 682 35
156 615 249 694 ,curia
261 613 407 673 restabat.
441 611 519 671 clavi
533 627 677 672 mensura
692 618 798 673 coacta
812 617 874 671 est:

200 697 299 758 Maius
315 703 380 756 erat
394 696 507 759 nostris
523 695 639 757 viribus
654 693 728 758 illud
744 711 831 756 onus.

159 783 223 842 Nec
237 781 356 856 patiens
372 793 501 856 corpus,
517 795 574 838 neo
594 795 681 840 mens
696 779 751 840 luit
765 785 837 854 epte
850 779 956 856 labori,

205 865 419 938 sollicitaeque
433 865 527 937 fugax
541 863 714 924 ambitionis
729 879 820 922 eram.

160 951 199 1010 Et
212 947 449 1024 petere-Aoniae
468 946 640 1008 suadebant
653 953 717 1008 tuta
729 962 855 1007 sorores

109 1047 147 1102 40
204 1033 285 1107 Otia,
300 1031 414 1092 iudicio
431 1045 554 1105 semper
568 1036 669 1090 amata
682 1047 762 1090 meo.

161 1116 320 1191 Temporis
332 1115 412 1176 illios
428 1114 509 1174 colui
521 1114 645 1189 lovique
659 1121 778 1190 poetas,

204 1199 343 1275 Quotque
358 1199 486 1260 aderant
504 1198 709 1271 valeamini
724 1200 836 1259 adesse
852 1198 939 1259 deos.

163 1281 265 1359 Saepe
280 1299 354 1344 suas
373 1283 516 1344 volucres
532 1281 605 1356 legit
620 1281 693 1342 milri
708 1283 855 1357 grandior
873 1295 962 1355 aevo,

204 1366 350 1443 Quaeque
364 1373 453 1427 necet
468 1381 613 1442 serpeus,
631 1381 711 1441 quae
729 1367 811 1427 iuvet
823 1364 935 1439 herba,
953 1363 1065 1424 Macer.

112 1467 147 1523 45
163 1448 265 1526 Saepe
283 1465 359 1510 suos
377 1451 485 1511 solitus
502 1449 629 1510 recitare
646 1449 822 1525 Propertius
837 1451 933 1526 ignes,
1048 1519 1051 1523 .

204 1535 272 1604 lure
291 1534 441 1596 sodalicio
462 1533 514 1609 qui
528 1533 600 1593 mihi
617 1533 737 1594 iunctus
756 1541 829 1594 erat.

164 1616 306 1678 Ponticus
321 1617 434 1692 heroo,
454 1617 573 1678 Bassus
593 1632 718 1692 quoquc
737 1619 837 1678 clarus
855 1616 962 1678 iambis

124 1715 133 1721 ·
203 1699 311 1761 Dulcia
331 1702 490 1762 convictus
504 1701 641 1760 membra
660 1696 745 1762 inere
765 1701 834 1761 mei.

164 1783 202 1844 Et
216 1783 311 1845 tenuit
323 1791 446 1846 nostras
462 1800 644 1846 numerosus
658 1783 801 1846 Horatius
821 1801 920 1861 aures,

52 1863 67 1878 '
114 1881 150 1935 50
205 1867 285 1927 Dum
302 1867 369 1928 ierit
385 1868 527 1930 Ausonia
544 1867 677 1928 carmina
692 1869 772 1929 ordia
787 1869 882 1945 lyra·

164 1950 325 2026 Virgilium
343 1951 406 2011 vidi
424 1958 550 2014 tontum.
586 1967 643 2012 nec
660 1967 764 2012 amara
779 1951 898 2012 Tibullo

206 2035 341 2110 Tempus
359 2035 509 2105 anricitiae
525 2035 587 2096 iata
604 2035 718 2096 dedere
733 2050 829 2096 meac.

166 2115 409 2200 Successoriuit
425 2119 475 2179 hic
490 2117 559 2192 tibi,
582 2118 681 2178 Galle:
716 2118 891 2192 Propertius
907 2117 963 2176 illi=
1071 2185 1075 2195 Ι

208 2200 340 2274 Quartus
356 2202 394 2262 ab
411 2202 459 2262 his
475 2203 555 2263 serie
573 2203 719 2278 temporis
734 2202 802 2276 ipse
821 2202 873 2261 tui.

116 2284 266 2360 salitque
284 2300 342 2360 ego
358 2287 506 2361 maiores,
525 2285 634 2346 sicma
652 2287 775 2346 coluere
793 2285 937 2359 minores,

207 2367 347 2444 Notaque
366 2385 428 2429 non
443 2369 531 2430 tarde
539 2357 628 2430 lacta
643 2369 748 2429 Thalia
764 2384 832 2429 mea
846 2375 903 2434 est.

168 2451 307 2512 Carmina
320 2469 392 2535 lcum
409 2453 541 2527 primum
557 2454 673 2530 populo
688 2453 832 2513 iuvenilia
849 2452 917 2528 legi,

204 2534 306 2596 Barba
322 2542 442 2597 resecto
456 2537 529 2597 mihi
543 2535 632 2598 bisve
649 2537 784 2598 semelve
803 2535 868 2596 luit.

166 2617 305 2679 Moverat
319 2619 474 2696 ingenium
490 2627 585 2683 totam
602 2627 722 2681 cantata
735 2635 792 2695 per
805 2617 918 2680 Urbem

114 2703 151 2758 60
205 2701 334 2763 Nomine
347 2720 410 2764 uon
428 2720 503 2765 vero
518 2705 599 2766 diota
614 2703 745 2764 Corinna
758 2701 842 2762 mihi.

154 2784 260 2846 ,Multa
276 2787 401 2862 quidem
419 2789 540 2865 scripsi.
574 2789 630 2848 sed
647 2803 727 2864 quae
743 2785 857 2846 vitiosa
872 2785 985 2862 putavi,

207 2868 420 2933 Emendatnris
437 2872 558 2947 ignibus
574 2872 642 2950 ipse
657 2870 738 2932 dedi.
1045 2865 1096 2947 [vi‚

166 2950 249 3012 iimo
261 2969 394 3030 quoque,
408 2970 476 3016 cum
487 2958 633 3033 fugerem,
651 2955 803 3031 quaedam
820 2952 971 3029 placitum
983 2965 1097 3014 orema-

207 3035 306 3098 Iratus
327 3039 430 3099 studio
445 3040 692 3115 carminibusque
711 3039 798 3100 meis.

117 3115 153 3172 66
167 3115 261 3178 Molle
279 3119 457 3197 cupidineis
475 3139 533 3184 nec
551 3121 788 3199 inexpugnabile
804 3120 872 3182 telis

208 3200 267 3263 Cor
284 3205 374 3281 mihi,
395 3205 541 3282 quodque
558 3207 636 3267 levis
656 3220 750 3266 causa
766 3211 917 3278 moveret,
936 3210 1009 3264 erat.

167 3284 242 3345 cum
256 3293 358 3349 tamen
374 3289 424 3349 hic
442 3305 561 3365 essem,
580 3290 767 3365 minimoque
784 3288 970 3349 accenderer
986 3285 1065 3361 igne,
1111 3304 1114 3309 ·

207 3367 337 3432 Nomine
354 3372 411 3433 sub
429 3378 537 3434 nostro
552 3373 656 3434 fabula
672 3374 756 3434 nulla
774 3372 838 3433 fuit.

164 3449 267 3514 Paene
285 3455 360 3516 mihi
377 3471 474 3532 puero
490 3470 548 3516 nec
564 3457 657 3532 digna
671 3473 729 3518 nec
746 3454 828 3517 utilis
847 3467 927 3516 uxor
