2454 4004
172 207 246 328 ceu
562 258 816 341 rasrcauu
898 263 901 268 ·
1024 263 1040 296 a

303 414 429 474 Pressit.
458 419 488 472 et
502 417 551 472 est
564 411 625 471 iilis
639 411 710 470 visa
723 409 971 471 subessascrcr.

202 509 254 564 565
268 499 387 558 Nauca-
403 503 499 556 ratem
513 495 704 570 comitesque
716 495 809 568 fugae
820 492 906 568 pede
920 492 1033 553 labitur
1046 509 1157 569 aequa,

305 580 428 640 Moenia
442 579 628 654 respiciens,
645 579 735 636 dulce
747 576 867 636 ¹suroris
883 591 973 651 epus.

192 659 194 662 ’
265 663 385 724 Fertilis
396 670 449 724 est
462 663 565 722 Melite
584 661 678 722 sterili
692 659 794 718 vicina
808 658 947 738 Cosyrae
997 715 998 718 ,

249 784 253 792 =
306 748 424 821 Insula,
442 762 534 822 quarn
547 745 655 822 Libyci
674 743 817 804 verberat
829 743 914 802 urrds
926 742 1005 803 irati.

266 829 352 890 Hanc
367 830 457 906 petit,
472 829 606 905 hospitia
621 828 703 903 regis
713 826 984 888 >conficeremus

148 989 151 992 η
200 933 253 989 570
299 915 429 990 :Hospes
445 929 539 988 opum
554 912 641 972 dives
655 925 711 970 rex
726 910 768 971 ibi
781 909 889 972 Battus
903 918 987 976 eran.⁴

160 1041 162 1045 s
253 996 324 1071 aur
339 1005 502 1072 postquam
518 995 623 1055 didicit
636 995 904 1068 casus—utriusque
918 994 1043 1068 suroris,

309 1081 417 1141 ‘Haec'
434 1080 532 1154 inquit
546 1080 647 1139 ‘teitus
662 1079 1005 1153 quantulacumque-tua
1017 1085 1088 1152 est’

265 1163 303 1224 Et
318 1163 557 1240 tamenhcspitii
572 1168 729 1222 servasset
743 1161 783 1220 ad
797 1162 902 1228 ultima
918 1171 1040 1223 munus!

309 1247 373 1308 Sed
386 1247 485 1308 timuit
498 1261 625 1320 magnas
642 1245 852 1322 Pygmaiionis
867 1259 954 1320 opes.

200 1345 252 1402 575
269 1329 363 1406 Signa
377 1337 573 1390 recensuerat
588 1329 636 1390 bis
658 1330 706 1390 sal
719 1345 787 1410 sua.
807 1329 923 1396 ,tertius
940 1329 1003 1390 ibat

308 1415 431 1490 Annus,
452 1421 481 1473 et
496 1413 587 1474 exitia
597 1421 682 1473 terra
693 1413 836 1488 paranda
850 1413 933 1472 nava
944 1421 1006 1474 est

265 1497 370 1557 Frater
383 1500 486 1572 adast,
497 1495 649 1572 'belloque
663 1498 747 1572 petit.
775 1513 832 1556 rex
846 1511 931 1556 arma
949 1513 1092 1572 peresus,

186 1628 189 1632 .
308 1583 383 1642 ‘Nos
399 1597 506 1644 sumus
521 1580 666 1656 inbelles,
681 1581 799 1656 aufuge
813 1587 954 1656 suspest’
969 1583 1020 1642 ait.

265 1665 355 1727 Iussa
367 1667 458 1740 sugit,
475 1671 628 1740 ventoque
641 1671 737 1725 ratem
752 1664 908 1725 committit
921 1672 952 1727 et
965 1668 1065 1727 undis.

199 1759 254 1814 580
309 1751 458 1824 Asperius
473 1749 583 1825 queris
597 1765 733 1826 aequare
748 1749 841 1810 irater
855 1755 928 1810 erat.

266 1832 321 1893 Est
335 1849 433 1908 prope
445 1834 591 1909 piscosos
605 1833 740 1909 lapidosi
755 1833 906 1894 Crathidis
922 1832 1027 1894 amnes
1045 1891 1049 1899 .

307 1917 423 1976 Parvus
440 1933 528 1992 eger:
557 1918 702 1978 Cameren
717 1917 818 1978 incola
834 1915 920 1978 turba
935 1925 1034 1980 vacat.

266 2000 339 2072 illuc
355 2015 463 2060 cursus
479 2008 553 2064 crat.
582 2017 639 2062 nec
654 2001 775 2077 longius
791 2001 865 2061 afuit
879 2001 960 2075 inde,

307 2083 402 2158 Quam
422 2089 566 2157 quantum
581 2085 688 2146 novies
703 2087 821 2144 mittere
835 2081 931 2144 funda
944 2092 1057 2160 potest

178 2183 179 2186 ¹
199 2171 252 2225 585
269 2168 346 2226 Veia
360 2167 472 2228 cadunt
488 2169 602 2244 primo,
617 2176 647 2229 ct
663 2168 756 2230 dubia
770 2169 917 2229 librantur
931 2169 970 2229 ab
985 2187 1068 2231 ana.

308 2250 439 2309 ‘Findite
453 2251 594 2326 remigic’
609 2254 712 2312 navita
727 2253 802 2313 dixit
817 2257 959 2326 ‘aquast’
1059 2271 1077 2314 ς

266 2335 406 2406 Dumque
421 2342 528 2407 parant
541 2340 620 2395 torto
636 2335 810 2396 subducere
825 2335 954 2398 carbasa
969 2337 1041 2410 linc,

306 2415 473 2478 percutitur
485 2416 595 2491 rapide
610 2419 724 2494 puppis
740 2419 861 2480 adunca
875 2427 957 2492 noto,

265 2500 361 2573 Inque
376 2506 484 2574 patens
498 2515 632 2574 aequor,
648 2501 760 2560 frustra
770 2511 929 2578 'pugnante
942 2505 1095 2578 magistra,

200 2593 254 2648 5911
307 2583 428 2656 Fertur,
444 2590 474 2642 ct
489 2597 528 2642 ex
543 2584 640 2644 oculis
655 2584 726 2644 visa
738 2585 849 2660 refugit
862 2586 984 2648 humus.

266 2665 420 2726 Adsiliunt
433 2665 560 2740 fluctus,
576 2667 701 2744 imoque
716 2685 734 2728 a
749 2670 866 2745 gurgite
876 2678 993 2744 pentus

308 2751 456 2824 Vertitur,
473 2757 610 2812 strenas
625 2754 733 2812 alveus
748 2752 847 2813 haurit
858 2769 969 2828 aquas.

160 2851 161 2854 ¹
266 2835 404 2896 Vincitur
419 2851 469 2895 ars
484 2842 586 2896 vento.
615 2851 673 2896 nec
688 2839 748 2895 iarn
761 2837 938 2898 moderatur
955 2835 1083 2897 ,liubanis

307 2919 419 2991 Utitur,
440 2925 491 2978 aut
504 2919 585 2992 votis
600 2919 649 2980 his
666 2936 790 2996 quoque
804 2921 905 2996 poscit
920 2935 1020 2996 opem.

199 3016 254 3070 595
268 3002 400 3062 Iactatur
412 3004 544 3064 tumidas
559 3005 631 3065 exul
645 3004 819 3065 Phoenissa
838 3020 894 3080 per
907 3005 1017 3077 undae,
1083 3065 1085 3070 .

309 3083 480 3160 Umidaque
494 3089 639 3164 opposita
652 3087 766 3149 lumine
780 3095 869 3149 veste
882 3089 965 3164 tegit.

265 3167 348 3226 Tunc
363 3168 493 3242 primum
507 3171 587 3232 Dido
602 3172 676 3232 ieiix
691 3178 738 3233 est
753 3171 835 3233 dicta
850 3171 959 3244 sorori,
1066 3184 1090 3200 ··
1218 3223 1219 3230 ,

307 3251 345 3310 Et
360 3267 570 3328 quaecumque
584 3255 718 3332 aliquam
734 3272 865 3332 corpore
879 3256 994 3332 pressit
1001 3254 1157 3323 numan.

95 3407 97 3415 Α
265 3333 380 3406 Figitur
394 3335 435 3394 ad
447 3337 584 3396 Laurens
598 3339 713 3414 ingenti
727 3339 851 3402 flamine
865 3341 936 3400 litus
963 3357 966 3362 ·

202 3422 255 3476 tto
307 3414 437 3492 Puppis,
453 3424 482 3477 et
497 3420 646 3492 expositis
662 3422 803 3486 omnibus
818 3426 928 3484 hausta
941 3421 1031 3500 perit.

267 3496 329 3557 iarn
348 3499 418 3572 pius
432 3501 555 3560 Aeneas
569 3516 664 3578 ragno
680 3513 813 3582 nataque
826 3507 923 3568 Latini
