2524 4004
498 165 548 242 ιιι
569 164 598 242 s,
621 134 736 246 4546,
760 168 811 230 oo.

253 319 372 382 Iustitia
385 317 468 378 vires
483 325 633 395 temperat
647 320 697 380 ille
711 335 795 380 suas.
844 377 845 380 ,

170 419 205 474 rs
215 406 320 480 Nuper
333 417 402 464 eam
418 401 532 463 Caesar
543 403 623 464 sacto
639 402 679 464 de
693 417 844 465 marmore
858 404 982 481 templo,

255 483 440 564 Iampridem
454 486 559 562 posuit
573 487 682 546 mentis
700 486 731 544 in
745 487 824 548 aede
838 501 924 550 suaet

213 571 351 650 Iuppiter
365 563 400 630 iri
410 570 523 630 multos
536 569 699 630 temeraria
713 569 838 630 fulmina
852 578 982 647 torquet,

256 655 312 730 Qui
326 668 460 730 poenam
476 653 567 729 culpa
583 667 646 712 nou
661 668 799 714 meruere
812 653 886 729 pati.

216 736 356 800 obruerit
369 737 473 798 saevis
489 751 559 798 eum
571 742 617 797 tot
631 735 709 806 deus
725 736 869 812 aequoris
878 739 984 816 undis,

171 833 208 891 so
258 823 305 882 Ex
318 821 379 881 iltis
391 820 489 899 ¹mergi
504 828 578 896 pars
595 828 689 896 quota
703 821 795 896 dana
810 821 884 883 fuito

204 897 289 968 ,Cu'm
304 909 432 982 pereant
446 903 513 965 acie
527 903 695 966 fortissima
709 921 859 981 quaeque,
881 907 930 968 vel
944 907 1013 983 ipso

253 989 358 1050 Iudice
373 987 510 1050 delectus
524 987 631 1050 Martis
645 987 768 1064 iniquus
783 991 849 1053 erit.
996 1049 998 1054 .

213 1075 254 1136 At
269 1070 296 1134 si
311 1073 389 1134 torte
403 1072 482 1134 velis
496 1069 529 1132 iu
542 1086 601 1133 nos
614 1069 777 1148 inquirere,
798 1087 889 1136 nemo
904 1079 960 1148 est,
1035 1138 1037 1142 .

189 1191 192 1196 ·
256 1155 312 1231 Qui
327 1171 371 1228 se,
395 1155 480 1231 quod
494 1155 614 1232 patitur,
636 1156 857 1218 commeruisse
870 1164 970 1231 neget.

171 1249 206 1308 35
217 1239 322 1312 Adde,
343 1239 428 1315 quod
442 1239 593 1302 extinctos
607 1238 659 1299 vei
674 1253 763 1314 aqua,
781 1242 833 1301 vel
845 1240 952 1314 Marte,
971 1241 1023 1300 vet
1035 1238 1097 1314 igni

140 1370 143 1376 .
255 1325 343 1411 iiidie
356 1328 461 1400 potest
474 1322 583 1385 iterum
596 1323 768 1386 restituisse
787 1323 864 1386 dies.
915 1391 918 1394 ,

213 1407 356 1470 Restituit
367 1408 491 1484 multos,
513 1414 565 1467 aut
578 1421 700 1484 poenae
714 1413 801 1482 parte
816 1407 930 1468 levavit

251 1492 375 1571 Caesar.
407 1497 438 1552 et
452 1491 482 1551 in
497 1490 600 1554 multis
614 1507 664 1552 me
677 1491 750 1552 velit
764 1505 836 1552 esse
851 1497 975 1569 precor!

118 1613 122 1620 -
211 1575 252 1636 At
263 1582 312 1650 tu,
336 1589 405 1639 cum
418 1575 471 1636 tali
486 1575 622 1652 populus
637 1573 695 1638 sub
711 1575 850 1652 principe
865 1576 971 1648 simus,

170 1670 206 1726 to
256 1659 412 1736 Adloquio
427 1659 550 1736 profugi
565 1659 666 1720 credis
679 1659 783 1722 inesse
797 1666 930 1721 metumt
990 1678 993 1686 ¹

173 1740 177 1746 ’
211 1743 351 1804 Forsitan
365 1743 443 1804 haec
458 1744 582 1805 domino
597 1743 740 1805 Busiride
754 1744 819 1804 iure
833 1745 964 1816 timeres,

253 1830 315 1890 Aut
328 1827 418 1889 solito
434 1830 558 1890 clarisos
573 1843 662 1890 urere
676 1827 707 1887 in
722 1843 793 1890 aere
808 1827 902 1888 viros.

212 1912 325 1974 Desine
339 1911 441 1973 mitem
456 1912 589 1975 animum
605 1927 685 1972 vano
699 1911 847 1972 infamare
861 1911 978 1972 timore.
1038 1982 1040 1984 ¹

255 1995 356 2057 Saeva
371 1997 444 2072 quid
460 1997 490 2056 iu
506 1996 636 2072 placidis
651 2011 729 2056 saxa
742 1995 859 2056 vereris
874 1994 985 2070 aquis?

160 2093 197 2150 '45
212 2080 288 2156 Ipse
299 2093 356 2156 ego
373 2081 458 2156 quod
472 2081 571 2156 primo
587 2080 699 2156 scripsi
713 2080 780 2140 siue
791 2079 912 2141 nomine
927 2075 1027 2150 vobis,

251 2164 313 2224 Vix
328 2164 470 2225 excusari
485 2180 581 2240 posse
596 2163 668 2224 mihi
684 2163 801 2224 videor.

184 2293 187 2316 2
213 2246 277 2310 Sed
292 2263 391 2323 pavor
404 2248 532 2310 attonito
546 2247 673 2310 rationis
689 2246 845 2310 ademerat
859 2262 958 2319 usum,

254 2329 398 2394 cessarat
411 2345 503 2393 omne
516 2332 606 2394 novis
621 2329 845 2406 consiliumque
859 2329 958 2392 malis.

212 2414 440 2492 Fortunamque
453 2431 553 2476 meam
567 2421 716 2490 metuens,
739 2429 802 2476 uon
816 2413 947 2475 vindicis
962 2411 1047 2485 iram,

162 2510 199 2564 50
252 2499 401 2560 'terrebar
414 2499 500 2562 titulo
515 2500 648 2562 nominis
662 2499 732 2576 ipse
745 2499 816 2560 mei.
1127 2502 1128 2506 ’

211 2581 367 2644 Hactenus
382 2583 556 2646 admonitus
571 2583 698 2646 memori
714 2581 853 2642 concede
866 2585 985 2656 poetae,

250 2665 348 2728 Ponet
361 2674 394 2729 ut
409 2667 439 2728 iu
456 2667 569 2730 chartis
587 2667 711 2728 nomina
725 2679 796 2725 cara
810 2665 885 2726 suis.
1075 2733 1076 2736 Ἴ

210 2749 312 2826 Turpe
326 2750 556 2824 eritambobus,
580 2751 671 2826 longo
686 2748 759 2808 nihi
773 2749 931 2825 proximus
946 2761 1006 2804 usu
1075 2747 1081 2754 ²

254 2831 287 2894 Si
302 2835 389 2894 nulla
400 2834 467 2895 iibri
482 2842 568 2911 parte
582 2834 684 2910 legare
698 2832 768 2893 mei.

163 2923 198 2976 tt
211 2915 255 2977 Ne
269 2923 372 2978 tamen
387 2919 447 2980 iste
461 2926 560 2980 metus
576 2925 703 2980 somnos
718 2915 772 2978 tibi
785 2926 927 2991 rumpere
942 2909 1052 2988 possit,

253 2999 539 3078 Nonnumquam
552 3001 610 3076 vis,
633 3000 794 3063 officiosus
809 3013 874 3060 ero.
1145 3055 1146 3058 ,
1257 3073 1258 3084 ¹

194 3101 198 3110 ’
211 3084 316 3160 Teque
330 3091 441 3162 tegam,
464 3085 517 3162 qui
532 3086 586 3160 sis,
609 3085 668 3146 nisi
684 3097 753 3146 cum
767 3079 944 3158 penuiseris
958 3078 1045 3154 ipsa·

254 3167 386 3244 cogetur
398 3183 488 3232 nemo
504 3185 616 3233 munus
633 3167 748 3230 habere
761 3181 878 3228 meum,

211 3248 256 3310 Tu
268 3253 377 3330 modo,
394 3269 485 3330 quem
497 3259 621 3330 poteras
636 3253 687 3312 vel
701 3255 806 3326 aperte
820 3253 903 3310 tutus
919 3257 1030 3317 amare,

88 3385 91 3387 ,
160 3335 197 3391 60
252 3333 286 3396 Si
299 3351 351 3398 res
366 3344 414 3399 est
428 3351 545 3414 anceps
559 3334 628 3412 ista,
650 3335 779 3396 latenter
793 3349 871 3393 ama.

538 3442 742 3457 m
