2520 4012
389 234 391 238 .
436 182 464 256 1,
487 181 522 258 2,
545 181 665 254 51-e‚
688 182 738 246 15.

141 335 204 398 Sea
219 333 318 410 magis
334 333 453 409 odistis,
469 333 573 394 iussae
587 349 636 394 me
647 334 798 398 advertite
812 343 924 398 terrae:

91 429 128 486 90
184 417 334 494 Supplieii
349 433 422 493 pars
437 423 485 478 est
499 417 529 477 in
543 417 668 492 regione
682 419 752 478 mei.

139 503 259 564 Ferte...
276 501 351 578 quid
365 501 415 560 hie
430 501 561 561 laeiot...
576 501 675 576 rapidi
689 518 758 562 mea
772 503 903 564 carbasa
916 504 1013 565 venti!

183 586 342 646 Ausonios
358 585 436 644 lines
451 599 507 644 eur
520 600 589 644 mea
602 583 673 644 vela
687 585 813 646 videnti

140 669 244 731 Noluit
257 669 317 730 hoo
333 667 455 736 Caesar.
492 667 586 741 Quid,
604 683 694 742 quern
709 669 794 745 lugat
808 671 873 745 ille,
889 671 1022 732 tenetist

183 751 326 828 Aspiciat
339 751 441 812 vultus
455 750 580 811 Pontica
593 758 674 812 terra
687 768 784 814 meos.

95 845 128 900 95
141 835 181 896 Et
192 835 275 898 iubet
289 843 320 896 el
333 835 438 895 merui.
474 850 546 908 nee,
564 851 643 909 quae
658 835 847 898 damnaverit
861 836 938 913 ipse,

97 946 99 952 ·
185 918 317 980 Crimina
331 918 454 978 delendi
469 919 557 978 lasve
571 918 695 993 piumve
709 927 794 995 puto.

142 1003 176 1064 Si
190 1010 290 1064 tamen
306 1009 375 1062 acta
388 1001 466 1064 deos
480 1017 646 1077 numquam
660 1005 800 1064 mortalia
814 1004 927 1080 lallunl,
1047 1045 1050 1052 ,

184 1089 214 1146 A
229 1087 320 1162 eulpa
334 1086 453 1147 lacinus
470 1086 554 1146 seitis
569 1084 681 1147 abesse
695 1101 774 1146 mea.

128 1171 237 1230 Δ110010
252 1171 309 1244 ita,
325 1170 352 1230 si
366 1169 467 1245 scitis,
484 1170 510 1230 si
525 1185 574 1229 me
588 1184 674 1230 meus
690 1169 812 1231 abstulit
827 1185 920 1247 error,

83 1264 131 1317 100
186 1253 345 1330 stultaque
359 1263 446 1312 mens
460 1254 566 1328 nobis,
582 1269 644 1314 non
658 1253 808 1316 scelerata
823 1254 891 1314 luit:

141 1337 312 1410 Quamlibet
326 1353 344 1397 e
357 1335 505 1409 minimis,
523 1337 626 1396 domui
641 1335 667 1396 si
682 1337 813 1399 lavimus
828 1337 880 1412 illi,

180 1420 218 1480 si
233 1421 308 1481 satis
322 1420 452 1495 Augusti
467 1420 590 1496 publiea
603 1420 689 1480 iussa
702 1420 789 1480 mihir

140 1504 208 1564 Hoe
223 1504 301 1563 duee
316 1503 343 1564 si
358 1504 422 1563 dixi
433 1503 534 1564 lelieia
548 1505 686 1576 saecula,
701 1519 823 1580 proque

186 1588 316 1648 Caesare
328 1596 398 1648 tura
411 1587 480 1662 pius
496 1587 742 1663 Caesaribusque
755 1587 843 1648 dedit

83 1681 131 1735 105
145 1670 177 1732 Si
192 1671 310 1732 10111110
325 1671 444 1732 animus
460 1670 565 1745 nobis,
582 1671 624 1732 ita
637 1672 752 1746 parcite
768 1670 844 1731 divi!

187 1753 220 1814 Si
234 1753 349 1830 minus,
365 1755 426 1814 alta
440 1755 555 1816 cadens
571 1754 680 1815 obruat
693 1753 776 1815 unda
789 1759 895 1831 eaput!
968 1730 970 1734 ⁵
1064 1771 1067 1778 ⁴

141 1839 258 1913 Pallor,
275 1853 313 1898 an
327 1837 476 1914 incipiunt
489 1839 636 1914 gravidae
651 1853 836 1899 evanescere
851 1834 957 1911 nubes,

185 1923 335 1998 Victaque
350 1922 455 1982 mutati
475 1923 622 1999 frangitur
634 1923 679 1982 ira
693 1923 806 1984 marist

141 2005 209 2065 Non
224 2021 331 2082 easus,
347 2006 405 2066 sed
418 2022 477 2067 vos
492 2006 549 2067 sub
565 2006 748 2066 condicione
762 2005 872 2080 vocati,

83 2098 131 2152 110
183 2089 305 2150 Fallere
316 2106 393 2165 quos
410 2104 471 2150 non
486 2087 549 2165 est,
563 2089 643 2150 hane
658 2089 729 2148 mihi
745 2090 829 2148 tertis
845 2101 945 2162 opem.

83 2218 124 2317 3·
144 2219 227 2318 clun
243 2257 325 2319 subit
338 2231 418 2318 illius
433 2258 608 2326 tristissima
622 2257 721 2318 noetis
736 2257 846 2332 imago,
886 2291 889 2296 ι

185 2337 252 2414 Qu'a
264 2341 336 2402 mihi
352 2357 529 2417 supremum
542 2349 663 2418 tempus
678 2341 709 2400 in
722 2340 805 2402 Urbe
820 2339 883 2414 luit,
962 2407 964 2411 ,
1031 2353 1033 2357 ·

144 2423 217 2484 Cum
233 2433 341 2500 repeto
356 2433 492 2502 noctem,
509 2442 570 2502 qua
584 2431 629 2486 lot
642 2424 715 2484 mihi
730 2439 802 2484 eara
814 2424 932 2498 reliqui,

154 2569 156 2574 ,
184 2507 310 2568 Labitur
325 2525 364 2570 ex
379 2510 477 2572 oculis
494 2525 575 2570 11000
590 2523 716 2587 quoque
730 2514 814 2583 gutta
827 2509 914 2579 meis.
978 2584 980 2588 ι

108 2590 206 2652 elam
220 2607 319 2669 prope
333 2593 386 2652 lux
401 2593 521 2668 aderat,
538 2608 599 2669 qua
612 2609 662 2652 me
676 2591 837 2652 discedere
848 2589 965 2652 Caesar
1006 2670 1009 2675 .

65 2741 69 2750 .
182 2673 307 2737 Finibus
323 2683 477 2755 extremae
491 2677 624 2738 iusserat
638 2676 805 2736 Ausoniae.

142 2757 206 2818 Neo
221 2759 352 2834 spatium
369 2762 481 2833 luerat,
501 2775 559 2820 nee
574 2774 660 2819 mens
674 2758 749 2818 satis
764 2763 837 2832 apta
851 2755 995 2832 parandis

186 2840 377 2918 Torpuerant
391 2844 484 2920 longa
498 2850 625 2920 pectora
639 2848 744 2904 nostra
758 2855 854 2902 mora.

141 2923 209 2984 Non
223 2926 296 2985 mihi
313 2943 488 3002 servorum,
505 2926 624 2988 comitis
640 2941 702 3000 non
717 2940 791 2986 eura
804 2922 935 3000 legendi,

94 3015 129 3068 10
183 3007 249 3068 Non
266 3017 357 3086 aptae
372 3012 503 3087 profugo
519 3010 616 3073 vestis
632 3009 742 3086 opisve
762 3008 826 3070 luit.

138 3089 205 3151 Non
222 3093 308 3153 aliter
326 3095 554 3171 stupui,‘quam
573 3093 624 3170 qui
639 3093 722 3154 lovis
738 3091 858 3167 ignibus
876 3091 954 3152 letus

184 3173 268 3236 Vivit
282 3184 375 3238 otest
392 3179 473 3240 vitae
487 3177 611 3238 nescius
628 3177 697 3252 ipse
713 3190 798 3238 suae.

142 3257 183 3319 Ut
196 3265 298 3320 tomen
313 3259 393 3322 hane
409 3261 501 3323 animi
516 3259 627 3322 nubem
642 3260 732 3321 dolor
745 3260 815 3334 ipse
829 3256 968 3333 removit,

185 3340 225 3401 Et
238 3343 365 3404 tandem
380 3359 493 3405 sensus
508 3343 693 3405 eonvaluere
707 3343 776 3417 mei,

94 3431 129 3483 15
144 3423 310 3501 Adloquor
323 3434 492 3510 extremum
505 3433 641 3488 maestos
658 3426 793 3487 abiturus
809 3423 935 3496 amieos,

1071 184 1093 252 7
