2520 4012
123 193 170 260 ²70
437 257 440 264 ,
520 189 812 255 ΤΒΙΒΤΙΠΜ·’

250 347 377 422 lamque
391 356 498 420 parurn
513 344 600 406 firmo
616 360 664 402 nre
678 344 751 404 mihi
766 343 846 403 ferre
861 337 957 418 graue
971 354 1030 407 est.

185 431 301 494 5Nunc
316 435 395 502 erat,
411 437 445 490 ut
460 429 562 504 posito
578 427 719 497 deberem
740 428 801 488 fine
817 427 957 489 laborum

253 514 367 573 Vivere
382 529 430 572 me
450 514 531 574 nullo
549 512 730 571 sollicitante
745 519 836 585 metu,

214 595 360 671 Quaeque
374 613 460 658 meae
475 611 597 670 semper
610 597 790 671 placuerunt
805 597 866 656 otia
881 597 973 658 menti

183 687 186 693 ’
256 681 388 756 Carpere
402 687 431 742 et
445 682 476 739 in
491 679 600 740 studiis
615 679 745 741 molliter
760 696 831 741 esse
845 681 931 752 meis,

214 765 252 824 Et
265 779 391 841 parvam
408 764 562 824 celebrare
577 763 700 822 domum
714 771 900 840 veteresque
914 763 1045 826 Penates

172 855 207 908 10
260 849 298 908 Et
313 863 392 922 quae
406 863 486 906 nunc
499 847 624 912 domino
639 864 711 908 rura
726 855 853 922 paterna
868 857 980 923 carent,

215 933 311 1006 Inque
326 933 394 990 sinu
409 930 551 1010 dominae
566 931 709 1006 carisque
725 931 885 992 sodalibus
901 933 994 1008 inque

258 1014 389 1074 Securus
406 1014 504 1088 patria
520 1015 722 1075 consenuisse
737 1032 815 1077 mea.

216 1097 299 1160 Haec
314 1113 382 1156 mea
397 1099 442 1163 sic
458 1098 612 1172 quondam
627 1099 734 1174 peragi
749 1106 931 1176 speraverat
946 1105 1047 1161 actast

257 1182 323 1242 Hos
337 1196 394 1256 ego
411 1181 456 1242 sic
471 1197 574 1266 annos(
583 1197 700 1256 ponere
716 1183 826 1258 dignus
842 1199 934 1243 eram.

170 1267 204 1322 15
218 1265 286 1326 Non
301 1266 341 1328 ita
356 1264 404 1324 dis
419 1265 534 1338 visum,
554 1265 604 1340 qui
619 1282 667 1325 me
682 1272 825 1341 terraque
838 1266 976 1342 marique

261 1349 371 1410 Actum
387 1348 562 1409 Sarmaticis
579 1365 752 1425 exposuere
767 1350 862 1423 locis„

218 1434 252 1493 In
268 1448 345 1492 cava
359 1432 508 1492 ducuntur
523 1449 657 1508 quassae
671 1435 938 1510 navaliepuppes,

111 1521 112 1524 ’
260 1517 304 1575 Ne
318 1524 432 1575 temere
445 1515 476 1574 in
491 1516 600 1576 mediis
617 1518 817 1578 destituantur
832 1518 932 1592 aquis.

95 1659 101 1674 ,
219 1601 264 1658 Ne
278 1599 368 1659 cadat
382 1607 411 1659 et
425 1601 535 1660 multas
550 1600 669 1674 palmas
685 1599 860 1660 inhonestet
875 1601 1014 1676 adeptus,

171 1689 207 1742 20
224 1703 225 1710 ¹
260 1682 436 1758 Languidus
452 1685 483 1742 in
497 1684 593 1759 pratis
608 1684 745 1760 gramina
760 1685 856 1760 carpit
870 1701 998 1760 equus*

219 1767 308 1828 Miles
322 1773 355 1826 ut
369 1766 502 1826 emeritis
517 1784 579 1827 non
596 1776 643 1828 est
658 1767 732 1829 satis
748 1769 828 1828 utilis
844 1769 941 1842 annis,

262 1849 351 1911 Ponit
365 1851 405 1909 ad
420 1851 563 1925 antiquos
580 1867 658 1926 quae
673 1852 738 1912 tulit
753 1867 851 1926 arma,
866 1853 971 1912 Lares.

224 1933 276 1993 Sic
291 1932 395 2008 igitur,
410 1933 500 1992 tarda
512 1934 595 1994 vires
610 1935 763 1995 minuente
778 1941 910 2009 senecta,

262 2017 312 2076 lille
327 2031 451 2092 quoquc
467 2017 575 2077 donari
584 2014 646 2078 i‘am
660 2019 736 2088 rude
749 2024 869 2093 tempus
886 2024 960 2077 crat.

174 2109 208 2164 25
222 2099 354 2175 Tempus
371 2105 435 2160 erat
449 2117 506 2161 nec
521 2116 570 2160 me
589 2101 782 2176 peregrinum
797 2103 909 2163 ducere
924 2101 1049 2175 caelum,

264 2184 327 2244 Nec
341 2184 455 2244 siccam
473 2185 577 2244 Getico
593 2186 677 2245 tonte
691 2185 794 2246 levare
809 2185 906 2247 sitim:
951 2196 955 2200 ·

183 2275 186 2305 ³
226 2265 290 2326 Sed
302 2266 411 2340 modo,
429 2283 507 2340 quos
527 2267 634 2341 habui,
650 2283 780 2328 vacuum
795 2268 944 2328 secedere
957 2269 987 2327 in
1002 2268 1120 2340 hortos,

262 2349 349 2409 Nunc
362 2348 519 2422 hominum
533 2351 604 2410 visu
617 2367 725 2412 rursus
741 2357 771 2411 et
783 2351 865 2412 Urbe
879 2351 949 2412 frui.

227 2429 277 2492 Sic
293 2433 392 2491 animo
410 2433 565 2508 quondam
579 2450 642 2494 non
657 2435 811 2494 divinante
826 2436 928 2495 futura
968 2477 969 2480 ,

176 2519 212 2575 30
266 2513 415 2588 Optabam
431 2515 552 2590 placide
565 2518 671 2577 vivere
685 2534 782 2594 posse
797 2533 903 2578 senex.

226 2598 301 2658 Fata
313 2607 535 2673 repugnarunt,
552 2617 631 2675 quae
646 2617 714 2660 cnm
728 2601 801 2662 mihi
815 2608 953 2676 tempora
968 2601 1064 2674 prima

266 2679 370 2740 Mollia
385 2683 595 2758 praebuerint,
611 2685 783 2759 posteriora
797 2692 935 2758 gravant.
1053 2741 1054 2744 ,

227 2766 354 2840 Iamque
369 2765 476 2826 decem
491 2768 595 2827 lustris
611 2768 692 2827 omni
708 2769 774 2827 sine
789 2767 859 2826 labe
873 2765 1017 2842 peractis¹

270 2847 359 2907 Parte
373 2864 496 2922 premor
509 2849 590 2909 vitae
606 2849 756 2912 deteriore
771 2865 873 2910 meae:

179 2926 214 2983 35
228 2931 291 2992 Nec
306 2931 412 3004 procul
428 2947 446 2988 a
461 2931 562 3007 metis,
581 2949 657 3006 quas
673 2949 771 3009 paene
785 2940 889 2992 tenere
904 2929 1042 3007 videbar,
1098 3001 1101 3010 Δ

273 3012 427 3073 Curriculo
444 3013 547 3088 gravis
562 3021 610 3076 est
623 3017 702 3077 iacta
716 3017 805 3076 ruina
819 3025 905 3076 meo:

229 3096 310 3168 Ergo
326 3095 408 3153 illum'
422 3097 595 3156 demensin
608 3115 656 3158 me
672 3101 792 3159 saevire
807 3099 905 3172 coegi,
1011 3140 1014 3146 -

271 3177 373 3238 Mitius
388 3179 546 3241 inmensus
564 3197 625 3255 quo
639 3182 714 3241 nihil
728 3177 814 3241 orbis
826 3179 942 3241 habeta

231 3259 365 3334 Ipsaque
379 3261 497 3322 delictis
512 3263 594 3324 victa
608 3271 655 3324 est
669 3265 828 3325 clementia
842 3263 966 3334 nostris,
1002 3283 1004 3287 ·

181 3349 218 3404 40
270 3342 333 3401 Nec
346 3348 446 3404 tamen
461 3347 556 3406 errori
570 3347 632 3406 vita
640 3354 755 3422 negata
769 3355 861 3407 meos

232 3425 303 3486 Vita
318 3429 424 3501 procul
437 3429 536 3503 patria
550 3431 727 3506 peragenda
741 3430 799 3492 sub
815 3445 874 3490 axe
886 3429 996 3502 borco,
