2520 4008
441 217 444 222 ’
494 227 516 301 Ι,
537 223 566 299 5,
589 223 656 290 14-
670 225 724 290 86.
858 237 865 248 “
1060 229 1122 298 125

224 381 377 454 Mensque
391 378 490 453 magis
504 377 609 453 gracili
622 393 754 453 corpore
769 383 875 442 nostra
888 385 978 443 valet.

186 467 259 528 Cum
278 465 357 524 bene
373 462 552 536 quaesieris,
577 461 660 535 quod
675 477 778 536 agam,
801 465 898 540 magis
914 467 986 528 utile
1000 468 1041 527 nil
1055 474 1103 530 est

226 548 352 610 Artibus
367 545 425 620 his,
446 559 526 620 quae
541 543 582 604 nil
596 545 732 606 utilitatis
747 546 870 608 liabent.

140 646 178 698 55
191 634 373 707 Consequor
387 643 427 688 ex
440 629 500 690 illis
516 641 609 690 casus
624 628 738 690 oblivia
751 631 858 692 nostri.

225 715 312 776 Hanc
325 727 459 774 messem
474 712 549 773 satis
565 719 613 774 est
627 713 654 773 si
667 727 736 774 mea
749 713 851 776 reddit
865 715 984 778 humus.

187 800 290 862 Gloria
304 813 363 858 vos
378 803 477 858 acuat.
508 813 576 871 vos,
598 804 633 858 ut
646 797 770 858 recitata
784 798 952 874 probentur

227 883 374 954 Carmina,
395 879 500 942 Pimiis
516 879 669 955 invigilate
685 881 797 944 choris.

188 967 277 1042 Quod
295 966 377 1026 venit
391 979 432 1032 ex
447 964 537 1036 labili,
559 965 636 1025 satis
649 972 697 1026 est
711 981 897 1043 componere
911 967 1010 1043 nobis,

144 1063 181 1120 co
231 1051 270 1112 Et
283 1049 372 1110 nimis
387 1049 492 1109 interni
507 1063 603 1110 cansa
616 1049 731 1112 laboris
747 1049 843 1112 abest

167 1151 171 1159 ·
187 1135 247 1213 Cur
260 1150 318 1210 ego
334 1131 465 1194 sollicita
478 1133 592 1209 poliam
607 1149 676 1192 mea
690 1135 824 1196 cerasina
838 1143 932 1196 curat

228 1220 275 1279 An
293 1233 408 1292 verear,
431 1232 471 1276 nc
485 1232 548 1276 non
562 1216 714 1293 approbet
727 1219 778 1278 illa
794 1218 908 1280 Getes?

186 1303 325 1364 Forsitan
343 1301 489 1363 audacter
503 1299 622 1374 faciam,
645 1301 702 1362 sed
716 1302 831 1377 glorior
844 1304 980 1366 Histrum

227 1387 352 1462 Ingenio
367 1385 483 1448 nullam
497 1385 595 1445 maius
609 1385 725 1446 habere
737 1401 816 1447 meo.

82 1477 87 1489 “
133 1479 170 1535 66
184 1471 260 1545 Hoc,
279 1471 332 1530 ubi
345 1469 512 1530 uiuendum
526 1475 584 1542 est,
603 1468 678 1530 satis
694 1477 749 1541 cst,
772 1470 799 1530 si
814 1483 989 1546 consequor
1004 1488 1088 1547 arvo,

227 1556 308 1616 inter
324 1553 508 1614 insonabas
523 1567 595 1614 esse
611 1559 703 1629 pocta
717 1553 818 1616 Getas.

186 1639 253 1716 Quo
267 1639 348 1714 milri,
370 1638 529 1698 mersum
542 1637 624 1696 lama
638 1637 823 1699 contendere
838 1641 869 1700 in
884 1641 1010 1702 erberni

228 1723 322 1798 Quem
337 1723 459 1784 lortuna
471 1721 564 1793 dedit,
587 1721 687 1782 Roma
700 1721 739 1782 sit
754 1721 803 1782 ille
819 1723 915 1786 locus.

185 1805 252 1868 Hoc
269 1822 338 1868 mea
352 1812 493 1868 wnleuta
508 1811 555 1865 est
569 1804 676 1866 infelix
689 1805 778 1866 lidusa
792 1807 924 1869 theatro:

134 1898 172 1954 'lo
232 1891 283 1952 Sic
296 1891 401 1952 merui.
433 1888 535 1964 magni
548 1890 596 1949 sic
608 1891 734 1952 voluere
748 1889 809 1950 dei.

183 1975 246 2036 Nec
261 1989 331 2036 reor
344 1973 416 2036 hinc
430 1973 509 2036 istuc
523 1972 637 2035 nosbis
653 1974 710 2034 iter
723 1989 795 2035 esse
810 1975 929 2052 libellis

117 2133 120 2138 r
227 2059 293 2134 Quo
308 2058 421 2119 boreas
435 2058 532 2134 pinna
546 2057 707 2120 deliciante
721 2059 815 2124 venit.

186 2141 355 2204 Dividimnr
369 2143 465 2206 caelo.
496 2157 640 2219 quaeque
654 2149 702 2222 est
716 2144 823 2218 procul
837 2142 913 2204 urbe
928 2143 1049 2218 Quirini,

224 2227 345 2302 Aspicit
358 2225 494 2288 lnirstrtoe
509 2227 679 2288 connninus
692 2226 774 2287 Ursa
788 2227 889 2289 Getas.
1091 2297 1093 2300 ,

133 2321 169 2376 'lo
184 2311 242 2371 Per
255 2318 371 2372 tantum
384 2317 494 2386 terrae,
513 2316 559 2372 tot
572 2326 670 2386 aquas
686 2311 739 2370 vix
753 2312 881 2373 credere
895 2327 1024 2389 possum

159 2423 164 2426 -
226 2395 374 2458 Indicium
389 2394 482 2456 modii
496 2395 689 2456 transiluisse
703 2396 771 2456 mei
1119 2449 1122 2458 ,

185 2475 279 2556 Finge
293 2479 362 2554 legi,
384 2479 530 2555 quodque
545 2485 593 2539 est
606 2478 753 2554 mirabile,
773 2479 855 2556 dage
870 2481 1006 2556 placere:

101 2583 105 2586 ·
226 2565 391 2625 Auctorem
407 2571 489 2624 certe
503 2577 553 2624 rea
569 2564 652 2624 iuvat
665 2564 725 2623 ista
738 2563 822 2636 nibil.

187 2647 264 2720 Quid
279 2647 341 2721 libi,
366 2648 392 2708 si
407 2647 515 2721 calido,
541 2647 653 2722 prosit,
676 2647 802 2708 laudere
817 2645 928 2723 Syene,

130 2739 172 2794 80
225 2732 287 2792 Aut
300 2730 353 2792 ubi
369 2730 571 2806 Taprobanen
588 2731 692 2790 Indica
707 2730 800 2804 cingit
814 2738 917 2807 aquai

187 2814 345 2874 Altius-ire
360 2815 453 2876 libet?
475 2815 502 2876 si
518 2821 547 2875 te
561 2814 705 2874 distantia
719 2814 810 2888 longe

228 2897 386 2960 Pleiadum
400 2899 525 2960 laudent
539 2897 635 2973 signa,
656 2897 730 2972 quid
744 2898 815 2958 inde
830 2898 932 2960 ieras?

188 2979 250 3041 Sed
265 2998 366 3057 neque
381 2983 529 3060 pervenio
545 2983 667 3058 scriptis
683 2983 887 3043 mediocribus
902 2983 988 3058 istuc,

228 3065 385 3143 Famaque
401 3083 469 3128 cum
485 3066 608 3126 domino
624 3065 702 3142 fugit
714 3066 753 3125 ab
767 3065 849 3128 Urbe
863 3083 930 3128 suo.

136 3150 176 3204 85
187 3149 332 3225 Vosque,
354 3149 464 3227 quibus
479 3149 565 3226 perii,
585 3157 658 3212 tunc
672 3166 741 3210 cum
755 3165 823 3211 mea
837 3153 918 3212 lama
931 3151 1051 3228 sepulta
1065 3160 1121 3226 est,

224 3231 310 3294 Nunc
325 3250 451 3312 quoque
466 3233 505 3295 de
519 3241 626 3298 nostra
638 3240 736 3296 morte
750 3241 852 3296 tacere
866 3251 945 3296 reor.
997 3316 1001 3326 Ι

508 3427 720 3444 wo--n-n--a--nnnq

497 3557 771 3654 ff&

463 3661 464 3664 =
520 3645 524 3670 t
721 3643 729 3672 t'
773 3652 782 3670 a

471 3668 473 3670 ’
573 3669 602 3704 ω
629 3669 676 3705 aar
779 3666 799 3713 a,

444 3624 762 3879 (wistildrld
793 3716 806 3787 ”i

607 3823 642 3862 or
754 3788 804 3914 s

475 3868 755 3962 Queat&
