<?xml version="1.0" encoding="UTF-8"?>
<!DOCTYPE html PUBLIC "-//W3C//DTD XHTML 1.0 Transitional//EN"
    "http://www.w3.org/TR/xhtml1/DTD/xhtml1-transitional.dtd">
<html xmlns="http://www.w3.org/1999/xhtml" xml:lang="en" lang="en">
 <head>
  <title>
</title>
<meta http-equiv="Content-Type" content="text/html;charset=utf-8" />
  <meta name='ocr-system' content='tesseract 3.04.00' />
  <meta name='ocr-capabilities' content='ocr_page ocr_carea ocr_par ocr_line ocrx_word'/>
</head>
<body>
  <div class='ocr_page' id='page_1' title='image "./povidiusnaso01merkgoog_0342.png"; bbox 0 0 2454 4004; ppageno 0'>
   <div class='ocr_carea' id='block_1_1' title="bbox 443 163 1074 239">
    <p class='ocr_par' dir='ltr' id='par_1_1' title="bbox 443 163 1074 239">
     <span class='ocr_line' id='line_1_1' title="bbox 443 163 1074 239; baseline 0.006 -15"><span class='ocrx_word' id='word_1_1' title='bbox 443 167 497 239; x_wconf 89' lang='lat' dir='ltr'>VI,</span> <span class='ocrx_word' id='word_1_2' title='bbox 514 163 692 227; x_wconf 74' lang='lat' dir='ltr'>all—alo.</span> <span class='ocrx_word' id='word_1_3' title='bbox 1012 163 1074 228; x_wconf 78' lang='lat'>327</span> 
     </span>
    </p>
   </div>
   <div class='ocr_carea' id='block_1_2' title="bbox 74 316 1013 1980">
    <p class='ocr_par' dir='ltr' id='par_1_2' title="bbox 74 316 1013 1980">
     <span class='ocr_line' id='line_1_2' title="bbox 128 316 832 391; baseline -0.006 -10"><span class='ocrx_word' id='word_1_4' title='bbox 128 321 282 382; x_wconf 44' lang='lat' dir='ltr'>,Nondum</span> <span class='ocrx_word' id='word_1_5' title='bbox 297 317 484 379; x_wconf 88' lang='lat' dir='ltr'>conveniens</span> <span class='ocrx_word' id='word_1_6' title='bbox 500 316 631 376; x_wconf 81' lang='lat' dir='ltr'>diuersis</span> <span class='ocrx_word' id='word_1_7' title='bbox 651 317 710 376; x_wconf 91' lang='lat' dir='ltr'>iste</span> <span class='ocrx_word' id='word_1_8' title='bbox 724 317 832 391; x_wconf 83' lang='lat' dir='ltr'>figuris</span> 
     </span>
     <span class='ocr_line' id='line_1_3' title="bbox 74 399 839 475; baseline -0.01 -9"><span class='ocrx_word' id='word_1_9' title='bbox 74 413 129 466; x_wconf 77' lang='grc'>414</span> <span class='ocrx_word' id='word_1_10' title='bbox 186 403 303 463; x_wconf 85' lang='lat' dir='ltr'><strong>Nomen</strong></span> <span class='ocrx_word' id='word_1_11' title='bbox 319 399 358 460; x_wconf 90' lang='lat' dir='ltr'>ab</span> <span class='ocrx_word' id='word_1_12' title='bbox 375 414 485 459; x_wconf 86' lang='lat' dir='ltr'>averso</span> <span class='ocrx_word' id='word_1_13' title='bbox 505 405 629 475; x_wconf 77' lang='lat' dir='ltr'>ceperat</span> <span class='ocrx_word' id='word_1_14' title='bbox 647 400 839 460; x_wconf 82' lang='lat' dir='ltr'>amaedeus.</span> 
     </span>
     <span class='ocr_line' id='line_1_4' title="bbox 142 483 1003 562; baseline -0.003 -15"><span class='ocrx_word' id='word_1_15' title='bbox 142 489 200 548; x_wconf 89' lang='lat' dir='ltr'>Hic</span> <span class='ocrx_word' id='word_1_16' title='bbox 217 501 342 562; x_wconf 90' lang='lat' dir='ltr'>quoque</span> <span class='ocrx_word' id='word_1_17' title='bbox 356 485 444 544; x_wconf 89' lang='lat' dir='ltr'>lucus</span> <span class='ocrx_word' id='word_1_18' title='bbox 459 490 538 554; x_wconf 90' lang='lat' dir='ltr'>erat,</span> <span class='ocrx_word' id='word_1_19' title='bbox 561 483 660 542; x_wconf 86' lang='lat' dir='ltr'>iuncis</span> <span class='ocrx_word' id='word_1_20' title='bbox 675 489 706 542; x_wconf 90' lang='lat' dir='ltr'>el</span> <span class='ocrx_word' id='word_1_21' title='bbox 720 484 870 545; x_wconf 86' lang='lat' dir='ltr'>arundine</span> <span class='ocrx_word' id='word_1_22' title='bbox 886 485 1003 545; x_wconf 88' lang='lat' dir='ltr'>densus</span> 
     </span>
     <span class='ocr_line' id='line_1_5' title="bbox 186 567 788 645; baseline -0.005 -16"><span class='ocrx_word' id='word_1_23' title='bbox 186 571 224 629; x_wconf 86' lang='lat' dir='ltr'>El</span> <span class='ocrx_word' id='word_1_24' title='bbox 237 569 319 645; x_wconf 83' lang='lat' dir='ltr'>pede</span> <span class='ocrx_word' id='word_1_25' title='bbox 336 568 437 626; x_wconf 91' lang='lat' dir='ltr'>velato</span> <span class='ocrx_word' id='word_1_26' title='bbox 453 584 515 630; x_wconf 90' lang='lat' dir='ltr'>non</span> <span class='ocrx_word' id='word_1_27' title='bbox 530 567 673 627; x_wconf 90' lang='lat' dir='ltr'>adeunda</span> <span class='ocrx_word' id='word_1_28' title='bbox 689 569 788 642; x_wconf 87' lang='lat' dir='ltr'>palus.</span> 
     </span>
     <span class='ocr_line' id='line_1_6' title="bbox 144 651 924 728; baseline -0.004 -13"><span class='ocrx_word' id='word_1_29' title='bbox 144 655 259 728; x_wconf 77' lang='lat' dir='ltr'><strong>Stagna</strong></span> <span class='ocrx_word' id='word_1_30' title='bbox 273 657 470 712; x_wconf 89' lang='lat' dir='ltr'>recesserunt</span> <span class='ocrx_word' id='word_1_31' title='bbox 484 658 514 710; x_wconf 88' lang='lat' dir='ltr'>el</span> <span class='ocrx_word' id='word_1_32' title='bbox 527 666 625 725; x_wconf 87' lang='lat' dir='ltr'>aquas</span> <span class='ocrx_word' id='word_1_33' title='bbox 641 665 699 710; x_wconf 88' lang='lat' dir='ltr'>sna</span> <span class='ocrx_word' id='word_1_34' title='bbox 712 651 780 726; x_wconf 88' lang='lat' dir='ltr'>ripa</span> <span class='ocrx_word' id='word_1_35' title='bbox 795 659 924 725; x_wconf 86' lang='lat' dir='ltr'>coercet,</span> 
     </span>
     <span class='ocr_line' id='line_1_7' title="bbox 187 735 973 811; baseline -0.004 -15"><span class='ocrx_word' id='word_1_36' title='bbox 187 737 338 811; x_wconf 81' lang='lat' dir='ltr'>Siccaque</span> <span class='ocrx_word' id='word_1_37' title='bbox 353 736 546 796; x_wconf 76' lang='lat' dir='ltr'>punctellus.</span> <span class='ocrx_word' id='word_1_38' title='bbox 574 751 643 794; x_wconf 90' lang='lat' dir='ltr'>mos</span> <span class='ocrx_word' id='word_1_39' title='bbox 654 742 758 794; x_wconf 85' lang='lat' dir='ltr'>tamen</span> <span class='ocrx_word' id='word_1_40' title='bbox 774 735 845 794; x_wconf 91' lang='lat' dir='ltr'>inde</span> <span class='ocrx_word' id='word_1_41' title='bbox 864 741 973 794; x_wconf 87' lang='lat' dir='ltr'>manet.</span> 
     </span>
     <span class='ocr_line' id='line_1_8' title="bbox 75 817 1013 894; baseline -0.015 -8"><span class='ocrx_word' id='word_1_42' title='bbox 75 829 133 886; x_wconf 79' lang='lat'>415</span> <span class='ocrx_word' id='word_1_43' title='bbox 148 821 335 881; x_wconf 85' lang='lat' dir='ltr'>Reddiderat</span> <span class='ocrx_word' id='word_1_44' title='bbox 349 835 484 879; x_wconf 86' lang='lat' dir='ltr'>causam.</span> <span class='ocrx_word' id='word_1_45' title='bbox 512 819 649 891; x_wconf 68' lang='lat' dir='ltr'>‘Valeas</span> <span class='ocrx_word' id='word_1_46' title='bbox 668 835 746 878; x_wconf 90' lang='lat' dir='ltr'>auus</span> <span class='ocrx_word' id='word_1_47' title='bbox 761 819 911 894; x_wconf 85' lang='lat' dir='ltr'>optimal&#39;</span> <span class='ocrx_word' id='word_1_48' title='bbox 934 817 1013 878; x_wconf 80' lang='lat' dir='ltr'>dixi:</span> 
     </span>
     <span class='ocr_line' id='line_1_9' title="bbox 189 901 916 978; baseline -0.007 -14"><span class='ocrx_word' id='word_1_49' title='bbox 189 903 291 978; x_wconf 76' lang='lat' dir='ltr'>&lt;Quod</span> <span class='ocrx_word' id='word_1_50' title='bbox 306 909 449 978; x_wconf 86' lang='lat' dir='ltr'>superest</span> <span class='ocrx_word' id='word_1_51' title='bbox 463 902 546 975; x_wconf 89' lang='lat' dir='ltr'>aevi,</span> <span class='ocrx_word' id='word_1_52' title='bbox 570 901 661 962; x_wconf 87' lang='lat' dir='ltr'>molle</span> <span class='ocrx_word' id='word_1_53' title='bbox 677 901 716 962; x_wconf 87' lang='lat' dir='ltr'>sit</span> <span class='ocrx_word' id='word_1_54' title='bbox 731 917 830 973; x_wconf 90' lang='lat' dir='ltr'>omne,</span> <span class='ocrx_word' id='word_1_55' title='bbox 851 903 916 960; x_wconf 65' lang='lat' dir='ltr'>lui!</span> 
     </span>
     <span class='ocr_line' id='line_1_10' title="bbox 150 985 866 1060; baseline -0.004 -12"><span class='ocrx_word' id='word_1_56' title='bbox 150 987 253 1048; x_wconf 79' lang='lat' dir='ltr'>Cetera</span> <span class='ocrx_word' id='word_1_57' title='bbox 267 987 327 1044; x_wconf 88' lang='lat' dir='ltr'>iam</span> <span class='ocrx_word' id='word_1_58' title='bbox 341 986 461 1060; x_wconf 85' lang='lat' dir='ltr'>pridem</span> <span class='ocrx_word' id='word_1_59' title='bbox 475 985 568 1045; x_wconf 90' lang='lat' dir='ltr'>didici</span> <span class='ocrx_word' id='word_1_60' title='bbox 582 985 752 1060; x_wconf 88' lang='lat' dir='ltr'>puerilibus</span> <span class='ocrx_word' id='word_1_61' title='bbox 767 985 866 1059; x_wconf 79' lang='lat' dir='ltr'>annia,</span> 
     </span>
     <span class='ocr_line' id='line_1_11' title="bbox 187 1068 839 1142; baseline -0.008 -11"><span class='ocrx_word' id='word_1_62' title='bbox 187 1071 255 1131; x_wconf 92' lang='lat' dir='ltr'>Non</span> <span class='ocrx_word' id='word_1_63' title='bbox 269 1076 369 1128; x_wconf 88' lang='lat' dir='ltr'>tamen</span> <span class='ocrx_word' id='word_1_64' title='bbox 386 1069 502 1128; x_wconf 89' lang='lat' dir='ltr'>idcirco</span> <span class='ocrx_word' id='word_1_65' title='bbox 519 1069 743 1142; x_wconf 87' lang='lat' dir='ltr'>praetereunda</span> <span class='ocrx_word' id='word_1_66' title='bbox 757 1068 839 1128; x_wconf 88' lang='lat' dir='ltr'>mibi.</span> 
     </span>
     <span class='ocr_line' id='line_1_12' title="bbox 148 1150 905 1224; baseline -0.008 -10"><span class='ocrx_word' id='word_1_67' title='bbox 148 1152 268 1214; x_wconf 88' lang='lat' dir='ltr'>Moenia</span> <span class='ocrx_word' id='word_1_68' title='bbox 281 1150 474 1210; x_wconf 82' lang='lat' dir='ltr'>Dardanides</span> <span class='ocrx_word' id='word_1_69' title='bbox 489 1165 588 1224; x_wconf 86' lang='lat' dir='ltr'>nuper</span> <span class='ocrx_word' id='word_1_70' title='bbox 602 1166 686 1210; x_wconf 89' lang='lat' dir='ltr'>nova</span> <span class='ocrx_word' id='word_1_71' title='bbox 700 1152 814 1211; x_wconf 82' lang='lat' dir='ltr'>lecerat</span> <span class='ocrx_word' id='word_1_72' title='bbox 828 1153 905 1212; x_wconf 80' lang='lat' dir='ltr'>Ilus:</span> 
     </span>
     <span class='ocr_line' id='line_1_13' title="bbox 77 1232 839 1309; baseline -0.008 -14"><span class='ocrx_word' id='word_1_73' title='bbox 77 1253 135 1307; x_wconf 77' lang='lat'>420</span> <span class='ocrx_word' id='word_1_74' title='bbox 190 1237 253 1296; x_wconf 92' lang='lat' dir='ltr'>Ilus</span> <span class='ocrx_word' id='word_1_75' title='bbox 268 1234 369 1294; x_wconf 88' lang='lat' dir='ltr'>adbuc</span> <span class='ocrx_word' id='word_1_76' title='bbox 382 1233 478 1292; x_wconf 88' lang='lat' dir='ltr'>Asiae</span> <span class='ocrx_word' id='word_1_77' title='bbox 494 1234 583 1294; x_wconf 89' lang='lat' dir='ltr'>dives</span> <span class='ocrx_word' id='word_1_78' title='bbox 599 1232 731 1294; x_wconf 88' lang='lat' dir='ltr'>habebat</span> <span class='ocrx_word' id='word_1_79' title='bbox 746 1249 839 1309; x_wconf 69' lang='lat' dir='ltr'>opesz</span> 
     </span>
     <span class='ocr_line' id='line_1_14' title="bbox 149 1315 922 1390; baseline -0.004 -11"><span class='ocrx_word' id='word_1_80' title='bbox 149 1319 285 1381; x_wconf 83' lang='lat' dir='ltr'>Creditur</span> <span class='ocrx_word' id='word_1_81' title='bbox 305 1317 465 1376; x_wconf 78' lang='lat' dir='ltr'>armiferae</span> <span class='ocrx_word' id='word_1_82' title='bbox 480 1317 601 1390; x_wconf 80' lang='lat' dir='ltr'>signum</span> <span class='ocrx_word' id='word_1_83' title='bbox 619 1317 752 1376; x_wconf 89' lang='lat' dir='ltr'>caeleste</span> <span class='ocrx_word' id='word_1_84' title='bbox 765 1315 922 1376; x_wconf 87' lang='lat' dir='ltr'>Minervae</span> 
     </span>
     <span class='ocr_line' id='line_1_15' title="bbox 188 1399 731 1474; baseline -0.009 -11"><span class='ocrx_word' id='word_1_85' title='bbox 188 1402 279 1463; x_wconf 89' lang='lat' dir='ltr'>Urbis</span> <span class='ocrx_word' id='word_1_86' title='bbox 294 1401 325 1461; x_wconf 92' lang='lat' dir='ltr'>in</span> <span class='ocrx_word' id='word_1_87' title='bbox 341 1401 454 1460; x_wconf 88' lang='lat' dir='ltr'>Iliacae</span> <span class='ocrx_word' id='word_1_88' title='bbox 469 1399 636 1460; x_wconf 85' lang='lat' dir='ltr'>desiluisse</span> <span class='ocrx_word' id='word_1_89' title='bbox 650 1400 731 1474; x_wconf 83' lang='lat' dir='ltr'>iuga.</span> 
     </span>
     <span class='ocr_line' id='line_1_16' title="bbox 148 1483 928 1560; baseline -0.005 -14"><span class='ocrx_word' id='word_1_90' title='bbox 148 1487 226 1546; x_wconf 84' lang='lat' dir='ltr'>Cura</span> <span class='ocrx_word' id='word_1_91' title='bbox 240 1486 346 1546; x_wconf 89' lang='lat' dir='ltr'>videre</span> <span class='ocrx_word' id='word_1_92' title='bbox 364 1485 428 1545; x_wconf 88' lang='lat' dir='ltr'>luit.</span> <span class='ocrx_word' id='word_1_93' title='bbox 455 1484 519 1544; x_wconf 91' lang='lat' dir='ltr'>vidi</span> <span class='ocrx_word' id='word_1_94' title='bbox 533 1485 741 1559; x_wconf 84' lang='lat' dir='ltr'>templumque</span> <span class='ocrx_word' id='word_1_95' title='bbox 755 1483 928 1560; x_wconf 83' lang='lat' dir='ltr'>locumque,</span> 
     </span>
     <span class='ocr_line' id='line_1_17' title="bbox 189 1568 940 1644; baseline -0.008 -16"><span class='ocrx_word' id='word_1_96' title='bbox 189 1571 257 1631; x_wconf 91' lang='lat' dir='ltr'>Hoc</span> <span class='ocrx_word' id='word_1_97' title='bbox 273 1576 415 1644; x_wconf 88' lang='lat' dir='ltr'>superest</span> <span class='ocrx_word' id='word_1_98' title='bbox 429 1569 487 1628; x_wconf 82' lang='lat' dir='ltr'>illi:</span> <span class='ocrx_word' id='word_1_99' title='bbox 517 1568 642 1628; x_wconf 85' lang='lat' dir='ltr'>Pallada</span> <span class='ocrx_word' id='word_1_100' title='bbox 655 1569 754 1627; x_wconf 88' lang='lat' dir='ltr'>Roma</span> <span class='ocrx_word' id='word_1_101' title='bbox 767 1573 859 1628; x_wconf 85' lang='lat' dir='ltr'>tenet</span> <span class='ocrx_word' id='word_1_102' title='bbox 939 1619 940 1622; x_wconf 74' lang='grc'>,</span> 
     </span>
     <span class='ocr_line' id='line_1_18' title="bbox 83 1651 962 1727; baseline -0.006 -11"><span class='ocrx_word' id='word_1_103' title='bbox 83 1667 137 1722; x_wconf 76' lang='lat'>425</span> <span class='ocrx_word' id='word_1_104' title='bbox 154 1653 326 1716; x_wconf 74' lang='lat' dir='ltr'>consulitur</span> <span class='ocrx_word' id='word_1_105' title='bbox 340 1651 532 1727; x_wconf 79' lang='lat' dir='ltr'>Smintheus,</span> <span class='ocrx_word' id='word_1_106' title='bbox 546 1653 680 1726; x_wconf 88' lang='lat' dir='ltr'>lucoque</span> <span class='ocrx_word' id='word_1_107' title='bbox 694 1652 846 1712; x_wconf 86' lang='lat' dir='ltr'>obscurus</span> <span class='ocrx_word' id='word_1_108' title='bbox 863 1665 962 1726; x_wconf 91' lang='lat' dir='ltr'>opaco</span> 
     </span>
     <span class='ocr_line' id='line_1_19' title="bbox 190 1736 814 1810; baseline -0.014 -11"><span class='ocrx_word' id='word_1_109' title='bbox 190 1739 255 1799; x_wconf 90' lang='lat' dir='ltr'>Hos</span> <span class='ocrx_word' id='word_1_110' title='bbox 270 1753 333 1796; x_wconf 89' lang='lat' dir='ltr'>non</span> <span class='ocrx_word' id='word_1_111' title='bbox 348 1737 472 1796; x_wconf 87' lang='lat' dir='ltr'>mentito</span> <span class='ocrx_word' id='word_1_112' title='bbox 487 1736 621 1810; x_wconf 87' lang='lat' dir='ltr'>reddidit</span> <span class='ocrx_word' id='word_1_113' title='bbox 634 1751 689 1796; x_wconf 91' lang='lat' dir='ltr'>ore</span> <span class='ocrx_word' id='word_1_114' title='bbox 704 1751 814 1796; x_wconf 79' lang='lat' dir='ltr'>sonos:</span> 
     </span>
     <span class='ocr_line' id='line_1_20' title="bbox 150 1817 928 1894; baseline -0.014 -11"><span class='ocrx_word' id='word_1_115' title='bbox 150 1821 345 1883; x_wconf 83' lang='lat' dir='ltr'>‘Aetheream</span> <span class='ocrx_word' id='word_1_116' title='bbox 361 1827 483 1881; x_wconf 90' lang='lat' dir='ltr'>servate</span> <span class='ocrx_word' id='word_1_117' title='bbox 498 1820 602 1894; x_wconf 88' lang='lat' dir='ltr'>deam,</span> <span class='ocrx_word' id='word_1_118' title='bbox 623 1818 785 1880; x_wconf 87' lang='lat' dir='ltr'>servabitis</span> <span class='ocrx_word' id='word_1_119' title='bbox 800 1817 928 1878; x_wconf 77' lang='lat' dir='ltr'>Urbem:</span> 
     </span>
     <span class='ocr_line' id='line_1_21' title="bbox 191 1903 811 1980; baseline -0.003 -16"><span class='ocrx_word' id='word_1_120' title='bbox 191 1905 356 1980; x_wconf 86' lang='lat' dir='ltr'>Imperium</span> <span class='ocrx_word' id='word_1_121' title='bbox 368 1919 473 1964; x_wconf 91' lang='lat' dir='ltr'>secum</span> <span class='ocrx_word' id='word_1_122' title='bbox 487 1903 650 1964; x_wconf 78' lang='lat' dir='ltr'>transferet</span> <span class='ocrx_word' id='word_1_123' title='bbox 663 1904 715 1962; x_wconf 89' lang='lat' dir='ltr'>illa</span> <span class='ocrx_word' id='word_1_124' title='bbox 727 1903 811 1962; x_wconf 68' lang='lat' dir='ltr'>loci?</span> 
     </span>
    </p>
   </div>
   <div class='ocr_carea' id='block_1_3' title="bbox 85 1971 978 2229">
    <p class='ocr_par' dir='ltr' id='par_1_3' title="bbox 85 1971 978 2229">
     <span class='ocr_line' id='line_1_22' title="bbox 152 1971 935 2060; baseline -0.008 -11"><span class='ocrx_word' id='word_1_125' title='bbox 152 1989 276 2060; x_wconf 84' lang='lat' dir='ltr'>Servat,</span> <span class='ocrx_word' id='word_1_126' title='bbox 298 1995 328 2047; x_wconf 91' lang='lat' dir='ltr'>et</span> <span class='ocrx_word' id='word_1_127' title='bbox 341 1989 491 2048; x_wconf 86' lang='lat' dir='ltr'>inclusam</span> <span class='ocrx_word' id='word_1_128' title='bbox 505 2001 625 2048; x_wconf 88' lang='lat' dir='ltr'>summa</span> <span class='ocrx_word' id='word_1_129' title='bbox 638 1991 720 2046; x_wconf 87' lang='lat' dir='ltr'>tenet</span> <span class='ocrx_word' id='word_1_130' title='bbox 733 1986 794 2046; x_wconf 90' lang='lat' dir='ltr'>llus</span> <span class='ocrx_word' id='word_1_131' title='bbox 810 1986 840 2044; x_wconf 93' lang='lat' dir='ltr'>in</span> <span class='ocrx_word' id='word_1_132' title='bbox 856 1971 935 2059; x_wconf 87' lang='lat' dir='ltr'>are&#39;e,</span> 
     </span>
     <span class='ocr_line' id='line_1_23' title="bbox 85 2069 978 2146; baseline -0.004 -13"><span class='ocrx_word' id='word_1_133' title='bbox 85 2079 138 2133; x_wconf 75' lang='lat' dir='ltr'>aab</span> <span class='ocrx_word' id='word_1_134' title='bbox 194 2072 335 2146; x_wconf 85' lang='lat' dir='ltr'>Curaque</span> <span class='ocrx_word' id='word_1_135' title='bbox 349 2071 389 2130; x_wconf 89' lang='lat' dir='ltr'>ad</span> <span class='ocrx_word' id='word_1_136' title='bbox 407 2071 553 2130; x_wconf 89' lang='lat' dir='ltr'>heredem</span> <span class='ocrx_word' id='word_1_137' title='bbox 567 2071 775 2131; x_wconf 89' lang='lat' dir='ltr'>Laomedonta</span> <span class='ocrx_word' id='word_1_138' title='bbox 788 2069 877 2129; x_wconf 88' lang='lat' dir='ltr'>redit.</span> <span class='ocrx_word' id='word_1_139' title='bbox 976 2117 978 2121; x_wconf 90' lang='lat'>.</span> 
     </span>
     <span class='ocr_line' id='line_1_24' title="bbox 151 2152 925 2229; baseline -0.006 -13"><span class='ocrx_word' id='word_1_140' title='bbox 151 2155 215 2216; x_wconf 88' lang='lat' dir='ltr'>Sub</span> <span class='ocrx_word' id='word_1_141' title='bbox 229 2154 349 2214; x_wconf 90' lang='lat' dir='ltr'>Priamo</span> <span class='ocrx_word' id='word_1_142' title='bbox 366 2161 488 2214; x_wconf 89' lang='lat' dir='ltr'>servata</span> <span class='ocrx_word' id='word_1_143' title='bbox 503 2170 620 2229; x_wconf 89' lang='lat' dir='ltr'>parum.</span> <span class='ocrx_word' id='word_1_144' title='bbox 649 2155 694 2214; x_wconf 90' lang='lat' dir='ltr'>sic</span> <span class='ocrx_word' id='word_1_145' title='bbox 709 2153 779 2228; x_wconf 91' lang='lat' dir='ltr'>ipsa</span> <span class='ocrx_word' id='word_1_146' title='bbox 793 2152 925 2225; x_wconf 92' lang='lat' dir='ltr'>volebat,</span> 
     </span>
    </p>
   </div>
   <div class='ocr_carea' id='block_1_4' title="bbox 89 2238 1004 3484">
    <p class='ocr_par' dir='ltr' id='par_1_4' title="bbox 89 2238 1004 3484">
     <span class='ocr_line' id='line_1_25' title="bbox 191 2238 833 2311; baseline -0.003 -15"><span class='ocrx_word' id='word_1_147' title='bbox 191 2238 239 2296; x_wconf 84' lang='lat' dir='ltr'>Ex</span> <span class='ocrx_word' id='word_1_148' title='bbox 255 2254 316 2311; x_wconf 88' lang='lat' dir='ltr'>quo</span> <span class='ocrx_word' id='word_1_149' title='bbox 332 2238 445 2299; x_wconf 89' lang='lat' dir='ltr'>iudicio</span> <span class='ocrx_word' id='word_1_150' title='bbox 462 2239 560 2297; x_wconf 83' lang='lat' dir='ltr'>forma</span> <span class='ocrx_word' id='word_1_151' title='bbox 574 2238 690 2299; x_wconf 86' lang='lat' dir='ltr'>revicta</span> <span class='ocrx_word' id='word_1_152' title='bbox 705 2253 763 2297; x_wconf 89' lang='lat' dir='ltr'>sua</span> <span class='ocrx_word' id='word_1_153' title='bbox 778 2243 833 2296; x_wconf 91' lang='lat' dir='ltr'>est.</span> 
     </span>
     <span class='ocr_line' id='line_1_26' title="bbox 152 2320 897 2396; baseline -0.005 -14"><span class='ocrx_word' id='word_1_154' title='bbox 152 2322 214 2382; x_wconf 88' lang='lat' dir='ltr'>Seu</span> <span class='ocrx_word' id='word_1_155' title='bbox 228 2336 326 2394; x_wconf 81' lang='lat' dir='ltr'>genus</span> <span class='ocrx_word' id='word_1_156' title='bbox 341 2321 483 2396; x_wconf 86' lang='lat' dir='ltr'>Adrasti,</span> <span class='ocrx_word' id='word_1_157' title='bbox 504 2337 561 2381; x_wconf 91' lang='lat' dir='ltr'>seu</span> <span class='ocrx_word' id='word_1_158' title='bbox 575 2321 663 2381; x_wconf 83' lang='lat' dir='ltr'>furtis</span> <span class='ocrx_word' id='word_1_159' title='bbox 678 2328 768 2396; x_wconf 88' lang='lat' dir='ltr'>aptus</span> <span class='ocrx_word' id='word_1_160' title='bbox 781 2320 897 2393; x_wconf 88' lang='lat' dir='ltr'>Ulixes,</span> 
     </span>
     <span class='ocr_line' id='line_1_27' title="bbox 194 2404 760 2478; baseline -0.007 -14"><span class='ocrx_word' id='word_1_161' title='bbox 194 2405 341 2478; x_wconf 83' lang='lat' dir='ltr'>Seupius</span> <span class='ocrx_word' id='word_1_162' title='bbox 356 2406 481 2465; x_wconf 84' lang='lat' dir='ltr'>Aeneas</span> <span class='ocrx_word' id='word_1_163' title='bbox 496 2405 648 2478; x_wconf 89' lang='lat' dir='ltr'>eripuisse</span> <span class='ocrx_word' id='word_1_164' title='bbox 663 2404 760 2464; x_wconf 87' lang='lat' dir='ltr'>datur.</span> 
     </span>
     <span class='ocr_line' id='line_1_28' title="bbox 89 2488 887 2556; baseline -0.006 -8"><span class='ocrx_word' id='word_1_165' title='bbox 89 2488 312 2556; x_wconf 67' lang='lat' dir='ltr'>oasitanum</span> <span class='ocrx_word' id='word_1_166' title='bbox 327 2489 454 2547; x_wconf 89' lang='lat' dir='ltr'>incerto.</span> <span class='ocrx_word' id='word_1_167' title='bbox 483 2503 534 2547; x_wconf 89' lang='lat' dir='ltr'>res</span> <span class='ocrx_word' id='word_1_168' title='bbox 549 2494 599 2548; x_wconf 86' lang='lat' dir='ltr'>est</span> <span class='ocrx_word' id='word_1_169' title='bbox 611 2488 759 2546; x_wconf 85' lang='lat' dir='ltr'>Romana.</span> <span class='ocrx_word' id='word_1_170' title='bbox 787 2492 887 2547; x_wconf 87' lang='lat' dir='ltr'>tuetur</span> 
     </span>
     <span class='ocr_line' id='line_1_29' title="bbox 164 2568 915 2646; baseline -0.003 -19"><span class='ocrx_word' id='word_1_171' title='bbox 164 2621 167 2627; x_wconf 82' lang='lat'><em>.</em></span> <span class='ocrx_word' id='word_1_172' title='bbox 194 2573 307 2644; x_wconf 86' lang='lat' dir='ltr'>Vesta,</span> <span class='ocrx_word' id='word_1_173' title='bbox 325 2570 409 2646; x_wconf 90' lang='lat' dir='ltr'>qnod</span> <span class='ocrx_word' id='word_1_174' title='bbox 425 2571 553 2630; x_wconf 85' lang='lat' dir='ltr'>assiduo</span> <span class='ocrx_word' id='word_1_175' title='bbox 569 2569 682 2628; x_wconf 87' lang='lat' dir='ltr'>lumine</span> <span class='ocrx_word' id='word_1_176' title='bbox 697 2574 808 2630; x_wconf 89' lang='lat' dir='ltr'>cuncta</span> <span class='ocrx_word' id='word_1_177' title='bbox 822 2568 915 2628; x_wconf 91' lang='lat' dir='ltr'>videt.</span> 
     </span>
     <span class='ocr_line' id='line_1_30' title="bbox 151 2651 1001 2730; baseline -0.006 -16"><span class='ocrx_word' id='word_1_178' title='bbox 151 2656 218 2714; x_wconf 90' lang='lat' dir='ltr'>Heu</span> <span class='ocrx_word' id='word_1_179' title='bbox 235 2661 381 2730; x_wconf 87' lang='lat' dir='ltr'>quantum</span> <span class='ocrx_word' id='word_1_180' title='bbox 392 2654 520 2713; x_wconf 90' lang='lat' dir='ltr'>timuere</span> <span class='ocrx_word' id='word_1_181' title='bbox 534 2659 655 2728; x_wconf 85' lang='lat' dir='ltr'>patres,</span> <span class='ocrx_word' id='word_1_182' title='bbox 672 2667 734 2726; x_wconf 90' lang='lat' dir='ltr'>quo</span> <span class='ocrx_word' id='word_1_183' title='bbox 749 2658 889 2726; x_wconf 90' lang='lat' dir='ltr'>ternpore</span> <span class='ocrx_word' id='word_1_184' title='bbox 904 2651 1001 2710; x_wconf 87' lang='lat' dir='ltr'>Vesta</span> 
     </span>
     <span class='ocr_line' id='line_1_31' title="bbox 193 2736 851 2814; baseline -0.006 -17"><span class='ocrx_word' id='word_1_185' title='bbox 193 2738 292 2812; x_wconf 83' lang='lat' dir='ltr'>Arsit,</span> <span class='ocrx_word' id='word_1_186' title='bbox 308 2745 339 2798; x_wconf 89' lang='lat' dir='ltr'>et</span> <span class='ocrx_word' id='word_1_187' title='bbox 353 2744 401 2798; x_wconf 87' lang='lat' dir='ltr'>est</span> <span class='ocrx_word' id='word_1_188' title='bbox 415 2737 519 2814; x_wconf 80' lang='lat' dir='ltr'>adytis</span> <span class='ocrx_word' id='word_1_189' title='bbox 534 2736 643 2798; x_wconf 88' lang='lat' dir='ltr'>obruta</span> <span class='ocrx_word' id='word_1_190' title='bbox 656 2750 756 2810; x_wconf 89' lang='lat' dir='ltr'>paene</span> <span class='ocrx_word' id='word_1_191' title='bbox 770 2736 851 2796; x_wconf 85' lang='lat' dir='ltr'>suis!</span> 
     </span>
     <span class='ocr_line' id='line_1_32' title="bbox 151 2819 934 2895; baseline 0 -15"><span class='ocrx_word' id='word_1_192' title='bbox 151 2821 333 2895; x_wconf 81' lang='lat' dir='ltr'>Flagrabant</span> <span class='ocrx_word' id='word_1_193' title='bbox 347 2821 444 2882; x_wconf 88' lang='lat' dir='ltr'>sancti</span> <span class='ocrx_word' id='word_1_194' title='bbox 460 2820 617 2882; x_wconf 86' lang='lat' dir='ltr'>sceleratis</span> <span class='ocrx_word' id='word_1_195' title='bbox 632 2819 753 2894; x_wconf 81' lang='lat' dir='ltr'>ignibus</span> <span class='ocrx_word' id='word_1_196' title='bbox 773 2819 870 2894; x_wconf 80' lang='lat' dir='ltr'>ignes,</span> <span class='ocrx_word' id='word_1_197' title='bbox 932 2875 934 2880; x_wconf 90' lang='lat'><em>.</em></span> 
     </span>
     <span class='ocr_line' id='line_1_33' title="bbox 91 2901 966 2980; baseline -0.008 -13"><span class='ocrx_word' id='word_1_198' title='bbox 91 2913 141 2967; x_wconf 85' lang='lat' dir='ltr'>llo</span> <span class='ocrx_word' id='word_1_199' title='bbox 194 2904 353 2980; x_wconf 87' lang='lat' dir='ltr'>Mixtaque</span> <span class='ocrx_word' id='word_1_200' title='bbox 367 2911 432 2964; x_wconf 86' lang='lat' dir='ltr'>erat</span> <span class='ocrx_word' id='word_1_201' title='bbox 445 2901 588 2964; x_wconf 81' lang='lat' dir='ltr'>flammae</span> <span class='ocrx_word' id='word_1_202' title='bbox 603 2903 726 2964; x_wconf 89' lang='lat' dir='ltr'>flamma</span> <span class='ocrx_word' id='word_1_203' title='bbox 740 2903 872 2979; x_wconf 87' lang='lat' dir='ltr'>prolana</span> <span class='ocrx_word' id='word_1_204' title='bbox 885 2903 966 2979; x_wconf 89' lang='lat' dir='ltr'>piae.</span> 
     </span>
     <span class='ocr_line' id='line_1_34' title="bbox 151 2987 879 3050; baseline -0.004 -4"><span class='ocrx_word' id='word_1_205' title='bbox 151 2989 306 3049; x_wconf 88' lang='lat' dir='ltr'>Attonitae</span> <span class='ocrx_word' id='word_1_206' title='bbox 320 2987 435 3050; x_wconf 86' lang='lat' dir='ltr'>llebaut</span> <span class='ocrx_word' id='word_1_207' title='bbox 451 2988 588 3049; x_wconf 90' lang='lat' dir='ltr'>demisso</span> <span class='ocrx_word' id='word_1_208' title='bbox 604 2988 688 3048; x_wconf 87' lang='lat' dir='ltr'>crine</span> <span class='ocrx_word' id='word_1_209' title='bbox 707 2987 879 3048; x_wconf 79' lang='lat' dir='ltr'>ministrae:</span> 
     </span>
     <span class='ocr_line' id='line_1_35' title="bbox 192 3071 822 3147; baseline -0.006 -17"><span class='ocrx_word' id='word_1_210' title='bbox 192 3071 371 3132; x_wconf 89' lang='lat' dir='ltr'>Abstulerat</span> <span class='ocrx_word' id='word_1_211' title='bbox 384 3073 466 3131; x_wconf 88' lang='lat' dir='ltr'>vires</span> <span class='ocrx_word' id='word_1_212' title='bbox 482 3071 623 3147; x_wconf 85' lang='lat' dir='ltr'>corporis</span> <span class='ocrx_word' id='word_1_213' title='bbox 640 3071 709 3145; x_wconf 86' lang='lat' dir='ltr'>ipse</span> <span class='ocrx_word' id='word_1_214' title='bbox 723 3071 822 3131; x_wconf 89' lang='lat' dir='ltr'>timor.</span> 
     </span>
     <span class='ocr_line' id='line_1_36' title="bbox 150 3153 1004 3231; baseline 0 -17"><span class='ocrx_word' id='word_1_215' title='bbox 150 3153 294 3215; x_wconf 87' lang='lat' dir='ltr'>Provolat</span> <span class='ocrx_word' id='word_1_216' title='bbox 307 3156 339 3216; x_wconf 91' lang='lat' dir='ltr'>in</span> <span class='ocrx_word' id='word_1_217' title='bbox 352 3155 501 3230; x_wconf 90' lang='lat' dir='ltr'>medium,</span> <span class='ocrx_word' id='word_1_218' title='bbox 516 3163 545 3215; x_wconf 89' lang='lat' dir='ltr'>et</span> <span class='ocrx_word' id='word_1_219' title='bbox 558 3170 669 3231; x_wconf 81' lang='lat' dir='ltr'>magna</span> <span class='ocrx_word' id='word_1_220' title='bbox 684 3153 870 3214; x_wconf 70' lang='lat' dir='ltr'>‘succurrite</span> <span class='ocrx_word' id='word_1_221' title='bbox 879 3159 899 3211; x_wconf 68' lang='grc' dir='ltr'>ι’</span> <span class='ocrx_word' id='word_1_222' title='bbox 913 3167 1004 3226; x_wconf 83' lang='lat' dir='ltr'>voce,</span> 
     </span>
     <span class='ocr_line' id='line_1_37' title="bbox 193 3237 821 3314; baseline -0.006 -16"><span class='ocrx_word' id='word_1_223' title='bbox 193 3237 271 3299; x_wconf 72' lang='lat' dir='ltr'>‘Non</span> <span class='ocrx_word' id='word_1_224' title='bbox 291 3246 340 3300; x_wconf 89' lang='lat' dir='ltr'>est</span> <span class='ocrx_word' id='word_1_225' title='bbox 354 3239 499 3299; x_wconf 78' lang='lat' dir='ltr'>auxilium</span> <span class='ocrx_word' id='word_1_226' title='bbox 515 3237 601 3298; x_wconf 87' lang='lat' dir='ltr'>llere&#39;</span> <span class='ocrx_word' id='word_1_227' title='bbox 615 3239 756 3314; x_wconf 84' lang='lat' dir='ltr'>Metellus</span> <span class='ocrx_word' id='word_1_228' title='bbox 771 3238 821 3298; x_wconf 88' lang='lat' dir='ltr'>ait.</span> 
     </span>
     <span class='ocr_line' id='line_1_38' title="bbox 94 3319 825 3397; baseline -0.003 -17"><span class='ocrx_word' id='word_1_229' title='bbox 94 3325 141 3381; x_wconf 79' lang='lat'>445</span> <span class='ocrx_word' id='word_1_230' title='bbox 155 3319 298 3397; x_wconf 76' lang='lat' dir='ltr'>‘Pignora</span> <span class='ocrx_word' id='word_1_231' title='bbox 312 3322 458 3397; x_wconf 77' lang='lat' dir='ltr'>virgineis</span> <span class='ocrx_word' id='word_1_232' title='bbox 474 3323 577 3383; x_wconf 81' lang='lat' dir='ltr'>fatalia</span> <span class='ocrx_word' id='word_1_233' title='bbox 591 3322 687 3381; x_wconf 87' lang='lat' dir='ltr'>tollite</span> <span class='ocrx_word' id='word_1_234' title='bbox 701 3320 825 3396; x_wconf 85' lang='lat' dir='ltr'>palmis!</span> 
     </span>
     <span class='ocr_line' id='line_1_39' title="bbox 193 3403 961 3484; baseline -0.004 -20"><span class='ocrx_word' id='word_1_235' title='bbox 193 3405 261 3466; x_wconf 88' lang='lat' dir='ltr'>Non</span> <span class='ocrx_word' id='word_1_236' title='bbox 277 3421 314 3465; x_wconf 86' lang='lat' dir='ltr'>ea</span> <span class='ocrx_word' id='word_1_237' title='bbox 329 3414 402 3467; x_wconf 91' lang='lat' dir='ltr'>sunt</span> <span class='ocrx_word' id='word_1_238' title='bbox 415 3413 505 3481; x_wconf 89' lang='lat' dir='ltr'>voto,</span> <span class='ocrx_word' id='word_1_239' title='bbox 521 3405 578 3466; x_wconf 86' lang='lat' dir='ltr'>sed</span> <span class='ocrx_word' id='word_1_240' title='bbox 592 3403 742 3481; x_wconf 88' lang='lat' dir='ltr'>rapienda</span> <span class='ocrx_word' id='word_1_241' title='bbox 755 3411 862 3464; x_wconf 77' lang='lat' dir='ltr'>manui</span> <span class='ocrx_word' id='word_1_242' title='bbox 957 3480 961 3484; x_wconf 89' lang='lat'><em>.</em></span> 
     </span>
    </p>
   </div>
   <div class='ocr_carea' id='block_1_5' title="bbox 0 0 1232 4004">
    <p class='ocr_par' dir='ltr' id='par_1_5' title="bbox 0 0 1232 4004">
     <span class='ocr_line' id='line_1_40' title="bbox 0 0 1232 4004; baseline 0 0"><span class='ocrx_word' id='word_1_243' title='bbox 0 0 1232 4004; x_wconf 95' lang='lat' dir='ltr'> </span> 
     </span>
    </p>
   </div>
  </div>
 </body>
</html>
