2520 4008
552 653 851 796 raras
919 716 981 735 .-

261 887 402 998 Tempus
417 917 457 978 acl
471 917 540 990 hoe,
557 918 661 978 lustris
675 915 723 975 bis
738 915 798 976 iam
813 913 886 976 milri
902 912 1036 992 quinque
1049 915 1194 992 peractis

302 1005 396 1066 Omne
411 1003 465 1064 fuit
477 1002 586 1064 Musae
601 1015 723 1066 carmen
738 998 853 1078 inerme
866 1007 989 1058 meae·
1058 1041 1060 1046 .

257 1087 418 1164 Nullaque,
442 1101 522 1162 quae
536 1086 658 1162 possit,-
667 1083 763 1158 script
764 1083 789 1142 is
751 1087 849 1143 ιιοι
857 1081 993 1156 rnilibus,
1018 1087 1101 1144 extat

299 1173 413 1233 Littera
426 1170 559 1232 Nasonis
575 1167 808 1250 sanguinolenta
823 1166 900 1242 legi.

230 1257 321 1324 5Νιι
336 1271 519 1332 quemquam
533 1253 640 1326 nostri,
660 1251 720 1312 nisi
735 1267 793 1325 me,
815 1251 935 1332 laesere
949 1249 1051 1330 libelli,

300 1339 436 1402 Artificis
450 1339 540 1415 pernt
554 1352 622 1400 cum
639 1344 731 1412 caput
745 1337 820 1396 Arte
834 1351 901 1394 sua
1087 1365 1089 1388 1
1246 1367 1247 1424 q

258 1425 375 1486 Unus...
391 1431 423 1484 ιι
435 1423 517 1485 hoc
510 1439 612 1498 rpsum
627 1421 696 1482 est
689 1419 798 1481 miuria
811 1433 952 1494 magna...
968 1434 1133 1500 perennem

303 1507 451 1570 Candoris
466 1507 584 1568 titulum
599 1521 661 1566 non
671 1504 747 1564 sinit
762 1519 834 1564 esse
848 1503 916 1564 mei.
1125 1559 1129 1564 ,

261 1591 428 1668 Quisquis
420 1607 446 1650 rs
462 1597 539 1667 est..
554 1607 624 1652 nam
636 1604 747 1650 nomen
763 1586 864 1650 adhuc
878 1594 1041 1672 utcumque
1053 1587 1196 1652 tacebo...

218 1688 252 1740 ιο
305 1675 391 1751 Cogit
405 1675 584 1736 inadsuetas
600 1689 721 1736 sumere
736 1671 796 1735 tela
809 1688 964 1736 manus
1088 1750 1091 1754 ι

259 1751 313 1821 Ille
327 1761 495 1836 relegatum
509 1759 628 1834 gelidos
645 1756 797 1834 aquilonis
814 1756 853 1816 ad
870 1761 952 1818 crtus

301 1843 368 1903 Non
383 1843 454 1903 sinit
469 1843 559 1905 exilio
577 1841 737 1905 delituisse
748 1856 834 1902 mec:
971 1895 976 1900 ,
1034 1849 1037 1852 ·

259 1927 458 2003 Vulneraque
473 1927 584 1989 inmitis
598 1925 735 2002 requiem
752 1925 929 2002 quaerentia
941 1931 1042 2002 vexat,

301 2011 397 2072 Iactat
411 2017 440 2074 ct
454 2012 483 2072 in
499 2017 562 2072 toto
578 2011 701 2072 nomina
715 2016 822 2073 nostra
836 2009 959 2084 foro
939 2017 942 2022 ’
1246 2003 1247 2024 ²

209 2095 472 2172 reperpetuoque
486 2095 558 2156 mihi
573 2094 721 2156 socialem
736 2093 863 2157 foedere
875 2093 946 2154 lecti

301 2179 367 2240 Non
382 2179 493 2255 patitur
506 2179 610 2242 miseri
625 2179 733 2239 funere
746 2175 822 2238 ilere
837 2177 909 2238 viri·

261 2263 396 2338 cunque
412 2279 469 2339 ego
483 2279 600 2338 quassa
614 2277 702 2324 meae
717 2262 903 2338 complectar
913 2257 1048 2323 membra
1048 2242 1195 2342 carinae,
1246 2211 1247 2320 ι

301 2345 456 2442 Naufragii
471 2348 591 2410 tabulas
609 2351 723 2423 pugnat
736 2345 851 2408 habere
864 2347 955 2406 mei·
1001 2405 1003 2408 ,

259 2429 297 2488 Ει
312 2429 364 2503 qui
380 2431 527 2492 debuerat
541 2431 658 2492 subitas
673 2430 851 2508 extinguere
865 2428 1014 2512 flammae,
1124 2431 1127 2436 “

214 2517 254 2574 20
306 2512 362 2574 Hic
376 2515 524 2594 praedam
538 2515 639 2576 medic
654 2531 710 2590 rap
713 2521 760 2577 tor
713 2513 835 2576 tab
828 2529 898 2592 rgue
912 2505 996 2592 petit.

259 2596 374 2672 Nititur,
398 2605 432 2659 ut
447 2600 596 2675 profugae
612 2599 714 2660 desint
728 2599 872 2660 alimento
887 2604 1083 2666 senectae..

301 2681 382 2742 Heut
405 2690 499 2758 quant
500 2700 518 2744 o
534 2689 581 2745 est
595 2685 708 2745 nostris
724 2682 865 2758 dignior
857 2699 925 2760 ipse
939 2682 1043 2748 malist

259 2764 296 2830 lii
310 2766 434 2828 melius!
457 2782 585 2865 quorum
598 2769 690 2844 longe
705 2767 777 2828 mihi
791 2765 941 2830 maximus
955 2766 1005 2826 ille
1020 2757 1099 2839 est,

303 2849 358 2924 Qui
373 2853 516 2912 nostras
508 2867 618 2948 mopes
631 2851 730 2913 noluit
745 2866 817 2912 esse
832 2851 930 2912 vias.

218 2939 252 2994 25
262 2931 410 2994 Huict
355 2935 410 3010 igit
410 2951 447 3000 ur
460 2935 547 2996 merit
548 2951 582 2996 as
597 2943 709 3022 grates,
732 2933 918 3010 ubicumque
932 2930 1043 3007 licebit,

301 3015 359 3076 Pro
374 3023 434 3078 tarn
449 3025 608 3082 mansueto
623 3027 749 3096 pectore
764 3033 887 3096 semper
878 3034 1000 3162 agam.

94 3125 97 3132 ⁴
206 3143 209 3145 -
259 3099 373 3160 Audiet
387 3099 448 3162 hoc
459 3101 585 3166 Pontus
617 3103 721 3165 Faciet
738 3119 875 3182 quoque
878 3103 1005 3164 forsitan
1020 3095 1110 3175 idem,

302 3185 396 3244 Terra
410 3185 449 3246 sit
463 3193 495 3248 ut
511 3187 662 3264 propiort
651 3187 845 3248 testificanda
859 3186 941 3248 mihi.

121 3337 129 3348 ²
260 3267 301 3326 At
315 3265 376 3341 tibi,
400 3271 524 3331 calcasti
544 3272 595 3346 qui
610 3287 667 3346 me,
692 3272 835 3346 violente,
857 3271 1016 3344 iacentem,
1102 3299 1103 3302 ι

218 3356 254 3412 ιι)
309 3349 374 3423 Qua
389 3351 459 3414 licet
470 3355 515 3420 ei!
537 3354 659 3428 misero,
677 3355 798 3417 debitus
810 3353 909 3416 hostis
925 3368 991 3416 erc,

262 3430 387 3494 Desinet
401 3452 472 3500 esse
487 3438 571 3515 prius
587 3441 756 3502 contrarius
772 3438 894 3515 ignibus
909 3439 1031 3512 humor,
