2520 4012
474 181 518 255 11,
539 178 716 246 tna—tol.
1053 184 1096 249 35

98 341 152 400 aso
204 334 344 408 Parsque
357 333 402 392 tui
415 331 554 408 generis,
569 350 643 409 pars
660 341 711 396 tua
726 335 807 397 lacta
822 342 943 400 canunt.
1024 395 1031 404 ,
1056 371 1060 378 ·

164 417 274 478 Invida
287 432 343 491 me
352 417 454 492 spatio
472 422 580 477 natura
601 421 736 480 coercuit
749 427 824 496 arto,

206 501 333 574 Ingenio
348 499 431 560 vires
447 500 641 574 exiguasque
654 501 748 562 dedit.

162 583 317 644 meamea
331 583 383 644 ille
397 589 467 643 tuae
483 583 557 642 felix
570 585 729 646 Aeneidos
744 593 852 646 auctor
881 601 884 608 ·

206 667 338 728 contidit
349 665 381 726 in
395 667 505 742 Tyrios
520 681 606 728 arma
618 667 777 742 virumque
791 673 887 742 toros,

99 757 151 812 555
165 751 230 810 Nec
244 751 354 826 legitur
367 766 442 825 pars
458 749 521 810 ulla
535 750 634 824 magis
650 751 688 810 de
703 766 833 827 corpore
847 759 921 827 toto,
990 767 996 778 ·

98 859 100 863 ’
208 832 303 910 Quam
317 849 380 894 non
395 833 529 908 legitimo
544 833 671 894 loedere
686 835 808 897 iunctus
824 851 919 896 amor.

164 917 313 993 Phyllidis
324 916 375 976 liic
389 917 471 976 idem
485 923 670 992 teneraeque
683 919 883 995 Amaryllidis
900 919 989 995 ignes

204 1001 360 1062 Bucolicis
375 998 496 1061 iuvenis
510 1001 626 1062 luserat
641 1008 711 1062 ante
722 1003 833 1066 modis.

163 1085 229 1145 Nos
245 1099 370 1158 quoque
382 1083 443 1144 iarn
458 1083 576 1159 pridem
592 1085 706 1160 scripto
721 1085 917 1162 peccavimus
933 1086 1007 1148 istor

97 1169 151 1226 sto
210 1167 398 1243 Supplicium
414 1167 528 1242 patitur
542 1185 603 1228 non
619 1185 701 1230 nova
716 1170 806 1244 culpa
820 1183 950 1230 novum=
1093 1238 1097 1245 ¹

166 1251 369 1326 carminaque
386 1250 558 1326 edideram,
574 1267 643 1312 oum
657 1259 687 1312 te
702 1252 814 1314 delicta
828 1258 983 1314 notamem

114 1391 117 1398 .
132 1391 136 1397 Α
208 1334 366 1394 Praeteriit
379 1333 492 1396 totiens
506 1334 695 1411 inrequietus
711 1351 818 1411 eques.

164 1418 247 1492 Ergo
264 1432 344 1491 quae
359 1417 461 1478 iuveni
475 1417 549 1478 mihi
563 1435 624 1480 non
641 1420 779 1480 nocitura
793 1417 898 1495 putavi

210 1501 331 1576 Scripta
345 1515 454 1576 parurn
469 1501 623 1576 prudens,
639 1519 720 1563 nunc
734 1517 868 1564 nocuere
888 1501 965 1564 seni.

97 1596 148 1652 555
166 1585 244 1647 Sera
257 1584 442 1646 redundavit
455 1586 570 1662 veteris
587 1585 724 1647 vindicta
738 1586 839 1661 libelii,

203 1667 302 1730 Distat
317 1673 348 1728 et
361 1668 489 1728 emeriti
503 1676 642 1744 tempore
657 1685 758 1746 poena
773 1669 829 1732 sui.

164 1753 208 1812 Ne
222 1759 322 1814 tamen
338 1768 428 1812 omne
442 1767 542 1812 meum
559 1753 670 1814 credas
692 1771 772 1830 opus
793 1769 865 1814 esse
880 1753 1053 1832 remissurn,

201 1836 309 1911 Saepe
325 1834 397 1895 dedi
411 1843 536 1897 nostrae
549 1837 679 1912 grandia
692 1839 763 1898 vela
775 1838 841 1898 rati.

167 1921 229 1982 Sex
243 1935 301 1994 ego
314 1919 478 1981 Fastorum
495 1919 608 1996 scripsi
623 1921 809 1996 totidemque
824 1921 954 1996 libellos,

97 2015 150 2070 550
207 2005 344 2078 eumque
359 2019 417 2064 suo
432 2003 523 2064 finem
540 2020 646 2064 mense
662 2007 805 2065 volumen
820 2003 927 2064 habet:

87 2087 92 2094 ’
163 2089 263 2163 idque
277 2094 330 2149 tuo
345 2102 442 2163 nuper
457 2088 604 2162 scriptum
622 2087 679 2149 sub
694 2087 832 2162 nornine,
850 2088 971 2162 Caesar,

206 2172 245 2231 Et
258 2171 312 2231 tibi
329 2177 481 2232 sacratum
494 2185 565 2233 sors
580 2187 650 2231 mea
663 2172 744 2247 rupit
757 2186 846 2246 opus

164 2253 202 2317 Et
218 2255 359 2316 dedimus
373 2255 498 2330 tragicis
514 2254 661 2330 scripturn
674 2257 777 2330 regale
793 2254 958 2327 cothurnis,

207 2339 354 2414 Quaeque
368 2338 471 2414 gravis
487 2337 579 2399 debet
592 2337 687 2400 verba
701 2337 867 2399 cothurnus
882 2336 983 2398 habet.
1016 2382 1017 2394 ,

97 2433 150 2486 555
164 2424 314 2497 Dictaque
326 2429 397 2483 sunt
410 2421 517 2496 nobis,
535 2424 675 2498 quamvis
690 2439 800 2482 manus
815 2423 920 2484 ultima
935 2425 1045 2497 coepto

207 2507 322 2578 Defuit,
338 2507 370 2566 in
384 2506 481 2566 facies
497 2521 629 2582 corpora
643 2522 736 2567 versa
750 2521 859 2567 novas.
917 2567 922 2578 ,

165 2592 267 2664 Atque
281 2589 395 2650 utinam
409 2605 540 2650 revoces
556 2592 690 2651 animum
705 2589 863 2664 paulisper
878 2587 916 2648 ab
931 2589 986 2663 ira,

206 2675 245 2735 Et
258 2689 358 2735 vacuo
372 2673 482 2735 iubeas
496 2673 568 2734 hinc
582 2675 635 2746 tibi
652 2687 751 2748 pauca
764 2673 833 2745 legi,

164 2757 281 2831 Pauca,
301 2758 414 2832 quibus
430 2757 528 2832 prima
540 2773 671 2833 surgens
686 2754 725 2816 ab
742 2754 859 2830 origine
874 2753 987 2826 mundi,
1069 2810 1072 2818 ,

95 2847 149 2902 550
203 2841 238 2901 15
252 2847 305 2902 tua
319 2840 435 2902 deduxi
446 2847 599 2916 tempora,
617 2842 745 2913 Caesar,
761 2854 857 2914 opusc

163 2924 325 3000 Aspicies,
344 2929 490 3000 quantum
505 2924 629 2987 dederis
644 2923 717 2984 mihi
731 2921 867 2998 pectoris
882 2921 961 2997 ipse,

205 3007 335 3082 Quoque
351 3011 461 3070 lavore
475 3007 566 3069 animi
581 3014 672 3085 teque
687 3014 820 3080 tuosque
835 3021 953 3067 canem.

163 3091 231 3152 Non
247 3107 305 3166 ego
320 3091 460 3154 mordaci
476 3091 625 3153 destrinxi
640 3090 777 3152 carmine
789 3105 982 3164 quemquam,

204 3173 267 3236 Nec
281 3188 371 3237 meus
387 3176 479 3236 ullius
496 3176 622 3237 crimina
638 3189 750 3236 versus
765 3173 867 3234 habet.

98 3264 149 3319 565
164 3257 322 3340 Candidus
337 3277 357 3322 a
372 3259 489 3322 salibus
507 3259 636 3320 suffusis
650 3259 721 3318 telle
735 3257 849 3332 refugi:

204 3341 295 3403 Nulla
310 3348 462 3424 venenato
477 3341 577 3418 littera
591 3343 686 3402 mixta
700 3341 769 3404 ioco
785 3347 842 3402 est.

162 3425 245 3487 luter
260 3433 307 3490 tot
324 3427 447 3508 populi,
465 3425 664 3503 lateamus,
680 3421 762 3486 milia
776 3423 888 3540 nostri,⁶
