2520 4008
121 205 186 272 140
240 273 246 288 ,
514 149 743 261 expanso

120 430 125 440 ,
155 329 189 421 ‘n
202 356 265 418 Nec
279 354 340 415 nisi
355 349 439 428 quod
453 347 597 425 prodest,
613 361 721 410 carun
733 353 795 421 est,
811 354 855 422 et,
872 347 999 413 detrahe
1014 351 1110 414 rnenti

248 438 342 516 Spem
356 435 473 496 inautus
487 431 612 509 avidae,
630 435 720 492 uerno
735 431 889 510 petendus
905 436 971 496 erit.

204 523 247 584 At
259 519 376 582 reditus
390 519 451 580 iam
466 516 600 592 quisque
614 529 690 576 suos
705 521 801 590 amat,
819 521 849 577 et
867 516 927 578 sibi
942 517 1017 594 quid
1030 519 1072 584 sit

247 603 342 679 Utile,
358 601 497 666 sollicitis
512 604 660 676 supputat
673 598 819 660 articulis.

205 688 285 752 illud
301 685 452 748 amicitiae
469 683 625 759 quondam
638 680 817 743 venerabile
831 697 945 746 nurnen

156 791 192 844 πο
247 772 367 834 Prostat
380 776 412 830 et
428 769 458 828 in
474 773 604 843 quaestu
618 780 676 841 pro
692 766 853 828 meretrice
868 768 966 830 sedet.

209 857 274 934 Quo
291 854 389 930 tnagis
404 849 554 925 admiror,
569 863 646 924 non,
661 855 694 911 ut
707 849 892 912 torrentibus
907 851 1010 927 undis,

250 935 424 1002 communis
440 932 505 996 vitii
520 940 551 994 te
566 947 694 1008 quoque
707 932 778 994 labe
789 934 879 996 trahi.
959 962 962 970 ··

207 1023 347 1099 Diligitur
361 1029 467 1095 nemo,
482 1016 544 1078 nisi
558 1016 607 1078 cui
619 1015 744 1078 'souma
756 1019 897 1080 secunda
911 1026 975 1081 est=

250 1106 335 1182 Quae
349 1103 440 1165 simui
454 1100 597 1176 intonuit,
613 1101 756 1177 proxima
769 1117 913 1179 quaeque
929 1103 1023 1178 lugat
1082 1111 1084 1116 ’

156 1201 191 1258 lt
204 1191 251 1253 En
265 1205 341 1265 ego,
361 1203 424 1252 non
438 1184 546 1273 paucis
562 1183 718 1261 quondum
732 1186 865 1248 munitus
886 1186 1010 1261 amicis,-

249 1275 328 1335 Dum
340 1269 428 1334 flavit
441 1269 520 1331 velie
536 1283 611 1329 aura
625 1268 766 1330 secunda
779 1270 867 1347 meis,
902 1301 908 1308 ·

207 1358 248 1420 Ut
262 1359 329 1418 lero
344 1353 486 1416 nimboso
500 1359 675 1414 tumuerunt
689 1363 831 1430 aequora
841 1359 952 1431 ventor
1074 1426 1077 1431 ¹

250 1443 285 1502 ln
299 1438 411 1500 mediis
425 1439 528 1498 lacera
541 1451 622 1497 nave
637 1435 798 1514 relinquor
811 1437 912 1516 aquis.

140 1531 142 1535 “
210 1523 347 1598 cumque
361 1523 412 1583 alii
426 1519 524 1581 nolint
537 1519 628 1582 otium
642 1535 692 1582 tne
705 1529 802 1583 nosse
815 1521 923 1597 videri,
940 1555 944 1559 -

158 1625 195 1682 30
253 1607 314 1668 vix
328 1603 544 1682 duoproiecto
558 1610 664 1666 tresve
679 1605 792 1666 tulistis
808 1619 909 1684 opem.
966 1629 978 1636 ·
1017 1615 1020 1620 ’

211 1691 345 1772 Quorum
367 1695 401 1752 tu
422 1689 579 1766 princeps.
619 1705 722 1765 neque
745 1689 953 1754 enimomnes
976 1701 1064 1764 esse,
1088 1685 1149 1749 sed

521 1813 524 1816 -
789 1779 938 1848 aucton-

250 1860 314 1920 Nec
328 1863 434 1936 petere
448 1857 638 1934 exeanplmn,
655 1856 711 1918 sed
727 1856 803 1918 darc
818 1857 929 1934 dignus
945 1871 1026 1918 eras.

211 1942 361 2017 To‚.nilril
375 1947 516 2016 exacto,
534 1941 594 2002 nisi
608 1954 670 2002 non
686 1955 839 2018 peccasse
855 1949 1017 2018 petentem,

252 2027 370 2103 Sponte
387 2039 445 2087 sua
457 2023 598 2102 probitas
615 2025 814 2102 officiumque
828 2025 922 2088 iuvet.

162 2111 197 2168 uo
210 2109 316 2173 ludice
330 2117 361 2171 te
375 2109 518 2170 mercede
533 2115 617 2173 caret
632 2123 689 2186 per
705 2125 804 2186 seque
818 2110 952 2186 petenda
971 2115 1020 2170 est

251 2192 397 2255 Externis
412 2193 512 2255 virtus
525 2193 702 2259 incomitata
714 2192 817 2255 bonis.

211 2280 313 2356 Turpe
328 2285 421 2354 putas
436 2276 533 2353 uhtu,
553 2275 628 2355 quia
639 2277 680 2339 sit
693 2273 905 2354 miserandus,
922 2275 1063 2352 amicum
1088 2275 1094 2284 “

253 2360 404 2436 Quodque
420 2360 461 2422 sit
474 2359 594 2435 inlelix,
609 2359 755 2423 desinere
771 2375 844 2424 esse
859 2366 952 2424 tuum.
1005 2427 1010 2434 ,

211 2444 315 2507 lfidus
330 2451 379 2506 est
394 2444 479 2506 lasso
494 2443 621 2520 digitum
634 2453 815 2523 supponere
828 2451 941 2520 mento,

163 2527 198 2582 40
253 2527 394 2605 Mergere
409 2545 501 2604 quam
513 2527 638 2604 liquidis
654 2543 710 2590 ore
724 2529 856 2591 neurus
871 2528 975 2606 aquis.

212 2612 324 2688 cerne,
342 2611 416 2688 quid
430 2611 584 2674 Aeacides
603 2619 819 2690 postmortem
835 2605 1106 2689 praesentantem
1229 2613 1230 2620 ’

252 2697 398 2760 instaret
413 2695 603 2758 hancvitam
616 2695 951 2773 monishaocreputa
1227 2705 1228 2708 ’

209 2779 376 2843 Pirithoum
391 2777 531 2842 ttnesens
548 2779 674 2860 &psius
688 2779 845 2843 comitavit
860 2779 900 2841 ad
913 2777 1035 2840 undas=

249 2865 279 2923 A
294 2863 404 2942 Stygia
418 2869 566 2938 quantum
581 2878 651 2926 sors
665 2879 735 2927 toea
749 2863 842 2926 distat
855 2867 958 2939 aquat

160 2957 194 3010 45
208 2945 316 3008 Adicit
331 2947 440 3008 insano
456 2946 576 3008 iuvenis
589 2946 733 3010 Phoceus
750 2947 894 3010 Orestem
932 2985 936 2989 -

252 3029 291 3089 Et
305 3043 374 3090 mea
388 3043 451 3091 non
465 3030 623 3092 rnlnirnurn
636 3032 730 3108 culpa
744 3031 860 3094 auroris
873 3030 976 3091 hebet.

210 3113 254 3174 Tu
271 3127 397 3190 quoque
409 3127 589 3190 magnorum
605 3113 714 3176 laudes
730 3114 856 3176 admitte
870 3113 1017 3185 virorum,

252 3196 355 3271 thue
369 3197 463 3273 lacis,
480 3199 570 3274 lapso
587 3213 680 3275 quem
696 3206 806 3274 potes,
823 3195 900 3258 aller
917 3210 1021 3274 opem.

215 3277 248 3339 Si
261 3277 388 3342 beneio
401 3281 490 3354 novi,
506 3281 534 3343 si
549 3279 634 3358 quod
652 3283 740 3360 prius
756 3296 831 3344 esse
844 3278 981 3356 solatas,

165 3365 201 3421 to
254 3361 341 3423 Nunc
359 3376 484 3438 quoque
499 3379 551 3440 es,
570 3371 663 3441 atque
678 3362 771 3426 urrinni
785 3379 849 3426 non
868 3363 1010 3426 cecidere
1024 3357 1082 3440 tui,

117 3521 123 3528 ,
214 3442 281 3517 Quo
298 3445 421 3508 senuna
435 3447 536 3522 magis
552 3447 665 3524 saevit,
682 3449 782 3525 magis
798 3450 868 3524 ipse
880 3445 1014 3522 resistis,
1204 3444 1209 3455 '
