2524 4004
474 253 516 328 11,
539 252 717 321 555-555.
980 208 988 227 Ν
1032 259 1104 323 aaa
1159 200 1177 282 '-

105 415 158 472 656
175 402 335 482 Spargitur
349 410 380 464 et
394 419 487 466 oaeso
503 407 673 467 eommunis
687 401 845 469 Terminus
861 425 951 487 agno,

211 490 273 548 Nee
289 488 439 565 queritur,
454 490 571 548 laetans
586 505 653 548 eum
669 485 727 550 sibi
742 507 838 567 porea
853 494 950 554 datur.

171 571 376 646 conveniunt,
392 572 609 647 celebrantque
625 573 723 648 dapes
738 575 850 635 vicinia
865 577 1004 654 simplex,

210 657 248 718 lit
262 661 384 716 cantant
399 656 521 728 laudes,
536 657 675 716 Termine
690 665 812 733 sanate,
827 665 910 718 tuas:
964 711 967 718 .

135 788 140 802 .
173 742 228 802 ‘Tu
244 739 378 816 populos
392 739 548 813 urbesque
562 746 593 799 et
607 756 701 815 regna
716 741 849 815 ingentia
863 743 949 802 finis:

105 830 159 887 660
213 823 318 884 Omnis
332 825 389 883 erit
402 823 469 882 sine
487 829 516 882 te
531 823 681 897 litigiosus
697 840 780 900 ager.

159 909 259 969 ‘Nulla
272 907 325 968 tibi
340 906 542 980 ambitioest,
558 908 640 967 nullo
659 907 864 985 corrumperis
880 925 967 972 auro.

108 1009 114 1019 ³
134 989 150 995 ”
209 991 356 1067 Legitima
371 1007 480 1051 servas
496 990 612 1052 eredita
628 1007 698 1050 rura
712 992 783 1052 fide.

78 1095 79 1100 ¹
172 1075 204 1137 Si
218 1081 250 1134 tu
264 1075 424 1150 signasses
441 1075 513 1136 olim
527 1075 712 1152 Thyreatida
726 1081 846 1152 terram,

213 1159 349 1234 Corpora
364 1175 425 1219 non
440 1159 500 1219 leto
516 1159 611 1218 missa
625 1164 759 1218 trecenta
774 1161 881 1234 iurent,
1037 1223 1038 1226 ,

103 1256 156 1312 665
170 1244 232 1304 Neo
247 1245 325 1304 soret
339 1243 513 1321 Othryades
529 1241 684 1316 congestis
702 1245 799 1318 taetus
813 1244 843 1302 in
859 1245 960 1304 armis.
1080 1241 1081 1248 ’

211 1326 395 1403 0555555555
410 1328 529 1402 patriae
543 1326 700 1401 sanguinis
715 1327 766 1384 ille
780 1327 878 1386 dedit!

171 1410 264 1486 Quid,
280 1427 364 1472 nova
378 1427 446 1472 eum
459 1413 568 1471 fierent
583 1409 752 1486 Capitolia?
781 1426 891 1486 nempe
908 1411 1035 1471 deorum

211 1495 324 1560 cuncta
342 1496 406 1555 lovi
421 1496 515 1554 cessit
528 1495 634 1568 turba,
652 1493 817 1569 locumque
832 1493 926 1555 dedit.

169 1577 341 1653 Terminus,
359 1587 391 1639 ut
409 1586 530 1638 veteres
547 1586 730 1654 memorant,
745 1579 887 1639 inventus
903 1579 933 1640 iu
951 1579 1029 1638 aede

103 1670 157 1730 675
208 1663 330 1724 Restitit
344 1671 374 1723 et
388 1677 499 1738 magno
515 1679 584 1722 oum
597 1665 671 1722 love
684 1663 796 1738 templa
813 1668 905 1722 tenet.

168 1746 254 1806 Nunc
270 1763 409 1822 quoque,
425 1763 460 1806 se
480 1761 575 1824 supra
589 1763 628 1806 ne
643 1747 716 1821 quid
731 1746 790 1805 nisi
805 1745 908 1806 sidere
923 1753 1034 1819 cernat,

209 1830 360 1905 Exiguum
374 1832 478 1906 templi
492 1837 572 1892 teeta
589 1831 725 1890 foramen
740 1829 860 1889 habent.

143 1983 145 1988 ¹
168 1914 322 1989 Termine,
338 1922 411 1991 post
425 1915 499 1976 illud
513 1915 622 1976 levitas
639 1915 693 1974 tibi
707 1914 803 1974 libera
818 1928 879 1972 non
894 1919 956 1972 est:

210 1998 275 2072 Qtta
290 1999 409 2073 positus
424 1999 519 2060 tueris
534 1999 565 2060 in
580 1999 725 2073 statione,
741 2013 839 2072 mane,

36 2101 38 2106 ’
103 2085 155 2141 675
170 2081 235 2141 Nee
248 2091 281 2144 tu
295 2083 394 2143 vicino
413 2084 579 2158 quiequam
595 2083 732 2142 eonoede
746 2081 873 2156 roganti,

95 2184 98 2189 ·
207 2167 253 2226 Ne
270 2166 394 2226 videare
412 2167 565 2226 hominem
581 2167 800 2242 praeposuisse
815 2163 895 2223 tavit

166 2249 205 2309 Et
219 2265 275 2310 seu
289 2251 480 2324 vomeribus,
497 2267 553 2310 seu
567 2258 600 2312 tu
610 2249 779 2326 pulsabere
795 2246 910 2320 rastris,
1006 2261 1007 2264 ’

207 2333 345 2403 ¹Clarnato
360 2335 454 2396 ‘Tuus
474 2341 521 2394 est
534 2334 584 2394 hie
599 2350 686 2410 ager,
702 2334 752 2392 ille
768 2335 885 2392 suust”

167 2417 227 2478 Est·
237 2419 301 2492 via,
317 2435 397 2494 quoe
413 2419 560 2494 poputum
576 2419 742 2478 Laurentes
759 2417 843 2477 duoit
858 2417 888 2474 iu
903 2428 1007 2488 egrae,
1074 2447 1076 2450 -

99 2511 153 2567 666
168 2542 178 2564 .
207 2501 365 2574 Quondam
380 2503 535 2564 Dardanio
551 2519 647 2576 regna
659 2502 754 2578 petita
769 2500 848 2560 duci.

45 2607 49 2624 ,
122 2637 126 2641 .
166 2585 222 2646 Illa
235 2587 362 2660 lanigeri
378 2587 501 2663 peeoris
515 2587 583 2660 tibi,
599 2585 752 2656 Termine,
769 2583 854 2642 tibris

206 2668 399 2732 Sacravidet
413 2671 480 2730 lieri
495 2678 601 2730 sextus
618 2669 656 2728 ab
671 2668 754 2730 Urbe
772 2667 861 2741 lapis.

156 2752 314 2835 Gentibus
329 2761 378 2814 est
392 2754 459 2814 aliis
474 2755 565 2814 tellus
580 2755 651 2812 data
664 2753 758 2812 ‘limite
773 2757 872 2809 certo:

206 2837 364 2898 Romanae
378 2838 511 2914 spatium
525 2843 573 2897 est
586 2836 678 2897 Urbis
692 2844 722 2896 et
736 2834 819 2893 orbis
834 2833 925 2892 idem.

345 2944 354 2956 ”
428 2969 480 3034 at.
511 2969 750 3034 susem-n

101 3081 253 3154 manuue
267 3089 341 3150 milri
356 3091 488 3151 dieenda
502 3097 550 3151 est
563 3091 645 3165 regis
662 3091 742 3164 iuga.
770 3090 861 3149 traxit
875 3089 914 3148 ab
931 3086 982 3146 itta

14 3177 15 3182 ’
207 3171 320 3236 Sextus
335 3175 373 3235 ab
389 3183 525 3236 extremo
543 3175 666 3233 nomina
681 3189 787 3233 mense
803 3173 880 3234 dies.

164 3255 276 3318 Ultima
289 3259 471 3334 Tarquinius
487 3260 645 3320 Romanae
660 3257 760 3331 gentis
774 3256 908 3316 habebat
981 3277 982 3282 ¹

202 3342 325 3416 Regna,
341 3344 389 3403 vir
403 3341 548 3414 iniustus,
566 3342 652 3409 tortis
668 3341 707 3400 ad
722 3357 806 3400 armo
819 3348 931 3400 tamen.

167 3421 297 3504 Ceperat
311 3427 361 3486 hie
376 3428 468 3500 alias,
484 3427 560 3485 alias
577 3431 727 3486 everterat
740 3424 843 3493 urbes,

99 3513 153 3568 690
185 3512 186 3515 ’
207 3506 244 3568 m
260 3509 375 3576 Gabios
390 3511 470 3586 turpi
486 3511 599 3569 leserat
614 3516 679 3568 arte
693 3523 781 3568 suos.
