2524 4004
327 713 548 801 naranan
575 695 919 852 ennarrans„
963 708 966 713 ·

237 877 283 944 ii)
307 877 337 945 G.
359 876 531 944 aiiuiiin
554 877 734 996 arianida
756 879 988 978 inanimalia..

186 1055 348 1169 Tempora
361 1105 432 1154 'eam
448 1089 551 1152 causis
565 1091 684 1154 Latium
699 1093 819 1170 digesta
832 1109 888 1172 per
902 1112 1016 1158 annana

161 1231 162 1234 ,
224 1177 390 1254 Lapsaque
406 1175 464 1236 sub
479 1180 577 1236 terras
593 1179 721 1251 areaque
735 1179 824 1252 signa
839 1193 955 1240 ranam.

182 1259 301 1337 Excipe
314 1267 435 1336 perata,
460 1259 574 1320 Caesar
588 1259 775 1335 Germanice,
796 1262 883 1322 valta
1047 1261 1051 1268 '

223 1343 291 1405 Hae
306 1359 385 1420 opas
401 1351 431 1404 et
446 1343 570 1404 timidae
581 1343 683 1420 dirige
696 1343 784 1404 navis
799 1343 871 1404 itere

155 1427 367 1504 sotanoque,
388 1428 489 1488 levem
502 1441 565 1488 nan
580 1435 741 1512 aversatus
755 1425 917 1504 honorem,·

220 1511 299 1574 Huie
312 1511 367 1572 tibi
382 1509 494 1596 devato
509 1511 635 1573 numine
649 1511 759 1572 dexter
773 1513 859 1596 ades.
897 1507 899 1512 '

183 1594 278 1657 Sacra
290 1593 501 1672 recognosces
511 1593 679 1677 ¹annalibus
694 1603 782 1656 eruta
795 1595 917 1674 priscis,

220 1679 257 1740 Et
271 1695 332 1756 qao
348 1679 387 1740 sit
401 1680 508 1742 merita
525 1693 668 1758 quaeque
681 1685 786 1742 natata
800 1679 877 1740 dies.

180 1763 322 1826 Invenies
336 1763 398 1825 iilia
412 1771 446 1826 eiw
457 1764 537 1826 festa
551 1761 721 1826 da‘mestiea
737 1763 841 1825 vobis=
903 1764 906 1772 '

1 1835 10 1851 ’
134 1861 171 1916 10
222 1847 323 1924 Saepe
337 1846 392 1909 iibi
406 1853 495 1926 pater
507 1855 564 1925 esi,
587 1863 682 1925 saepe
697 1837 848 1924 legendus
863 1865 952 1912 avus.

181 1931 327 2008 Quaeque
340 1932 444 1998 serane
456 1932 499 1994 iili
515 1933 614 2008 piatos
630 1927 782 2012 signantia
797 1935 905 2012 fastos,

218 2017 264 2078 Ta
279 2021 405 2093 quaque
420 2017 603 2080 camarare
619 2019 756 2095 praemia
770 2019 862 2080 fratre
876 2020 968 2080 feres.

181 2099 323 2161 caesaris
340 2109 550 2162 arma-canant
563 2102 624 2162 alii.
657 2118 715 2163 nas
732 2103 872 2164 caesaris
888 2119 968 2177 aras,
1079 2121 1081 2126 ’

221 2183 259 2245 Et
274 2198 486 2260 quascumque
500 2186 597 2247 saeris
613 2185 731 2257 addidit
745 2187 796 2247 iiie
811 2185 887 2247 dies.

134 2279 169 2334 15
179 2266 291 2330 Annae
306 2267 429 2332 conanti
443 2283 499 2346 per
512 2269 620 2330 laudes
635 2268 679 2330 ire
696 2277 826 2345 tuarum,

222 2349 330 2427 Deque
342 2367 413 2413 mea
427 2352 560 2429 pavidas
578 2360 688 2414 excute
707 2353 801 2416 eorde
815 2359 924 2427 metus.

55 2515 57 2520 η
180 2433 228 2496 Iia
240 2433 314 2496 mihi
327 2437 358 2496 ie
373 2437 538 2514 piacidum,
561 2437 684 2500 dederis
698 2438 730 2497 in
746 2439 882 2504 earmina
893 2437 979 2499 viris.

220 2519 379 2595 Ingenium
393 2517 480 2581 valia
494 2527 616 2599 statque
631 2521 775 2599 caditque
788 2530 851 2582 tua.

166 2601 295 2678 ragina
308 2603 453 2666 iudicium
467 2605 550 2666 deaii
564 2606 702 2668 subiarra
714 2613 855 2668 movetur
953 2655 956 2659 .

134 2695 171 2752 io
220 2687 379 2763 Principis,
401 2695 435 2749 ut
451 2688 549 2749 clario
564 2689 661 2752 missa
674 2687 806 2764 legenda
821 2687 890 2747 dea.

180 2769 264 2846 Quae
279 2771 318 2832 sit
332 2771 413 2834 enim
428 2773 501 2834 culti
515 2772 662 2836 facundia·
669 2771 828 2832 ‘sensimus
843 2769 914 2845 aris,

222 2853 326 2916 civica
339 2870 397 2933 pro
412 2855 541 2932 trepidis
558 2854 707 2920 cuntulit
721 2869 806 2916 anna
819 2853 891 2915 reis.

181 2937 301 3001 Seianas
316 2946 357 3014 ei,
380 2939 421 3000 ad
437 2937 559 3001 nostras
575 2956 644 3002 eum
659 2947 694 3001 se
708 2939 774 3000 iulii
787 2939 919 3015 impetus
934 2945 1013 2999 aries

220 3022 337 3098 Ingenii
353 3031 475 3084 currant
488 3021 615 3085 flumina
631 3029 745 3100 quanta
758 3023 811 3084 tui.

132 3115 168 3171 25
180 3103 213 3167 Si
227 3106 342 3168 lieeaea
356 3108 404 3168 ias
418 3113 481 3181 esi,
505 3114 592 3169 vates
606 3117 680 3184 rege
694 3107 774 3167 vatis
788 3104 935 3183 habenas,

220 3190 372 3268 auspicia
387 3191 461 3252 felix
476 3197 557 3270 tatas
572 3199 605 3253 ui
618 3207 716 3272 annas
733 3197 791 3252 eat.

180 3321 343 3437 Tempora
357 3359 508 3436 digereret
524 3371 593 3421 eum
607 3357 749 3420 eonditor
761 3355 863 3432 Urbis,
885 3357 916 3417 in
932 3371 1014 3416 anna

216 3443 378 3508 constitnit
392 3447 517 3506 menses
533 3441 671 3522 quinque
684 3442 733 3505 bis
749 3457 820 3504 esse
835 3455 902 3502 sua.
