2524 4004
476 243 485 266 ·
513 242 541 310 1,
567 195 747 304 too-4⁷4.
1080 238 1153 303 uo-

204 393 339 455 lntedtae
355 394 481 453 fueratis
496 409 589 467 oves,
605 393 724 452 solacio
739 392 828 466 ruris,
902 437 907 446 .

244 478 417 538 Adsuetum
432 476 519 536 silvis
533 476 759 548 innocuumque
772 491 893 550 genus,¹

206 561 291 638 Quae
308 560 408 620 tacitis
422 559 529 631 nidos,
547 573 626 633 quae
641 558 753 634 plumis
770 575 831 618 ovo
846 557 967 634 fovetis,

239 643 285 722 Et
298 643 380 702 lucili
396 643 503 725 dulces
519 641 610 702 editis
626 657 680 701 ore
694 641 816 702 modos.
879 719 883 726 ,

72 733 83 780 2
137 729 191 788 lio
206 727 270 790 Sed
283 728 325 786 nil
339 727 399 787 iste
419 727 539 801 iuvent,
555 727 627 802 quio
640 726 763 801 linguae
779 725 893 786 crimen
908 724 1037 803 habetis,

246 811 346 890 Dique
367 817 474 886 putent
488 818 605 871 mentes
623 825 680 870 vos
695 811 815 885 operire
829 825 913 872 sues.
977 851 979 854 -

192 895 267 956 'Neo
281 903 381 956 temen
398 896 458 954 hoc
473 894 593 953 ialsum.
624 910 704 966 nam,
722 895 818 954 dist
784 901 818 954 ut
832 895 972 978 proximu
986 909 1138 972 quaeque,

246 979 441 1054 Nunupinno
457 993 557 1054 verus,
579 993 661 1036 nunc
683 978 762 1038 detis
778 995 832 1038 ore
846 987 945 1041 notas.

204 1063 281 1124 Tuta
296 1062 349 1124 diu
361 1063 522 1123 volucrum
536 1064 640 1137 proles
654 1068 717 1120 tum
732 1062 864 1138 denique
879 1079 971 1124 caesa
985 1073 1041 1140 est,
1115 1073 1126 1084 “

60 1205 62 1214 .
134 1158 219 1212 reo
242 1139 446 1222 iuveruntque
460 1143 538 1207 deos
552 1145 663 1206 indicis
678 1153 749 1205 exte
763 1147 843 1206 sui.

204 1231 286 1306 Ergo
302 1246 398 1306 saepe
413 1247 471 1292 suo
488 1231 622 1295 coniunx
636 1229 769 1300 abducta
782 1231 890 1291 marito

6 1284 52 1364 ⁵¹·
133 1336 136 1340 ·
244 1313 347 1375 Uritur
361 1315 466 1374 Idaliis
481 1315 552 1374 albu
567 1313 708 1374 columbo
723 1313 812 1373 iocis.
862 1375 867 1380 ,

45 1403 50 1409 ’
170 1472 175 1476 ‚
204 1397 267 1458 Nec
283 1399 413 1479 detensa
426 1398 533 1460 iuvent
547 1397 710 1474 Capitolio,
728 1397 905 1474 quominus
920 1413 1012 1458 anser

244 1482 303 1542 Det
312 1482 397 1542 iecur
411 1482 441 1541 in
457 1484 572 1555 lances,
587 1481 691 1542 Inachi
704 1483 800 1558 latria,
817 1489 897 1542 tuus.
970 1487 974 1494 '

25 1605 27 1612 ,
80 1613 84 1620 .
115 1577 117 1582 ·
140 1571 193 1628 455
206 1566 302 1626 Nocte
317 1567 395 1626 douc
408 1565 495 1626 Nocti
512 1567 655 1630 cristatus
670 1564 810 1626 caeditur
823 1567 899 1639 ales,

49 1663 55 1670 ·
217 1643 221 1660 ⁴
247 1650 336 1724 Quod
351 1650 488 1726 tepidum
505 1651 588 1726 vigili
604 1655 754 1726 provocet
768 1663 821 1712 ore
836 1650 926 1716 diem

107 1774 110 1779 f
205 1733 327 1794 intereo
339 1733 471 1811 Delphin
487 1735 603 1796 olorum
617 1749 712 1810 super
729 1749 868 1810 aequora
887 1733 975 1794 sidus

245 1818 384 1894 Tollitur,
401 1825 431 1880 et
451 1818 559 1894 patriis
575 1818 671 1879 exerit
687 1833 742 1878 oro
759 1818 859 1878 vodis.
969 1863 971 1866 -

319 1951 378 1984 m·
543 1950 593 2016 10
620 1953 723 2014 Ruit

205 2067 334 2132 Postera
348 2073 400 2134 lux
413 2072 544 2133 hiemem
559 2073 659 2133 medio
674 2072 849 2134 discrimine
865 2072 976 2146 signat,
1056 2093 1059 2100 ¹

134 2158 189 2216 460
241 2155 414 2234 Aequaque
429 2158 611 2232 praeteritae
627 2171 706 2232 quae
720 2155 885 2233 superabit,
905 2155 974 2216 erit.

413 2289 462 2353 ll.
491 2289 513 2352 C
537 2289 692 2352 chit-th
734 2287 785 2352 12.
806 2289 864 2350 DC

207 2407 348 2470 Proxima
361 2405 530 2482 pros'picict
542 2407 672 2468 Tithono
685 2409 807 2469 Aurora
820 2405 926 2468 relicto

247 2491 400 2551 Arcadiae
422 2507 544 2553 socrum
558 2485 734 2568 pontificale
748 2491 835 2551 deae.

206 2575 249 2636 'l‘e
263 2588 388 2650 quoque
402 2574 461 2634 lun¹
471 2577 594 2650 eadem,
605 2575 705 2635 ‘Turni
720 2590 824 2645 soror,
848 2573 926 2634 cede
940 2574 1064 2650 recepit,

245 2657 370 2719 llic‘ubi
384 2658 532 2732 Virginea
546 2658 680 2734 Campus
696 2658 796 2718 obitur
809 2673 902 2732 equa.

134 2751 187 2806 46⁵
201 2743 291 2806 Unde
307 2745 409 2815 petum
424 2757 536 2803 causas
552 2743 660 2802 horum
674 2757 853 2816 moremque
868 2748 1048 2802 sacrorumt

247 2824 387 2900 Diriget
379 2841 411 2884 m
426 2827 528 2888 medio
545 2827 615 2906 quis
631 2841 700 2886 mea
714 2827 785 2886 vela
800 2825 899 2885 iretot

204 2909 398 2987 lummene,
419 2909 499 2985 quae
514 2926 625 2972 nornen
640 2897 736 2971 hebes
756 2909 922 2970 ooarmine
942 2908 1077 2986 ductum,
1122 2983 1124 2989 k
1204 2926 1238 2994 s

244 2991 471 3088 Propositoque
486 2994 574 3066 iove,
588 3009 627 3067 ne
641 3001 712 3055 tuus
727 2999 807 3054 erret
820 2994 930 3073 honor

206 3073 279 3136 Orto
292 3076 378 3151 prior
391 3077 494 3136 luna...
511 3079 551 3138 de
565 3092 601 3137 se
616 3079 643 3138 si
661 3061 816 3138 creditur
808 3077 900 3152 ipsi..
970 3137 971 3142 ,

132 3163 188 3221 470
236 3161 266 3220 Λ
280 3175 392 3235 magno
409 3161 499 3221 tellus
512 3161 637 3223 Arcade
650 3175 763 3222 nomen
777 3160 879 3225 hahet

203 3241 262 3304 llio
280 3243 338 3304 iuit
350 3243 503 3304 Euander.
539 3245 591 3320 qui
607 3261 792 3323 quamquam
807 3247 908 3305 clarus
922 3250 1061 3319 utroque,

216 3353 218 3358 v
242 3325 386 3387 Nobilior
399 3343 508 3389 sacrae
524 3328 673 3404 sunguine
688 3329 791 3390 matris
807 3334 881 3388 erat.
911 3339 928 3376 ι

204 3407 290 3484 Quae
305 3407 396 3470 simul
415 3411 577 3472 aethereos
592 3413 692 3473 animo
708 3417 893 3488 conceperat
908 3411 1004 3486 ignes,

247 3491 307 3555 Ore
322 3493 416 3555 debut
429 3495 521 3570 pleno
537 3497 759 3556 carminarem
774 3495 834 3556 dei.
