2520 4008
456 215 479 288 I,
502 212 531 288 9,
551 213 687 290 20-10,
708 219 760 282 36.

112 360 188 458 to.
246 397 438 459 nnacco

200 494 291 592 Naso
307 544 366 590 suo
381 529 532 606 protugus
549 532 637 594 mittit
649 529 712 604 tibi,
731 529 851 608 Flacca,
873 534 1018 597 santerna
1041 563 1044 570 ·

240 613 361 674 Mittere
374 628 440 676 rcm
455 614 482 676 si
499 614 577 692 quic,
601 632 664 692 qua
678 622 761 676 caret
776 614 853 692 ipsc,
874 624 987 692 potest.

198 699 326 773 Longus
340 697 421 758 enim
436 699 518 758 cuuis
533 698 670 762 vitiatum
685 713 800 775 corpus
815 700 926 761 amaris

240 781 308 842 Non
322 781 437 857 patitur
448 781 531 843 vires
545 783 675 859 languor
689 782 804 844 habere
817 797 901 844 suas.

170 863 260 930 thc
276 865 366 927 dolor
379 867 464 928 ullus
475 865 574 942 adest,
596 883 654 928 nec
670 866 806 927 febribus
820 882 893 928 uror
906 866 1033 944 anhelis,

238 948 278 1009 Et
291 950 410 1024 peragit
424 949 506 1010 soliti
520 965 601 1014 vena
613 950 729 1012 tenoris
742 951 809 1011 iter.

200 1031 241 1093 Os
255 1031 352 1092 hebes
368 1039 424 1108 est,
447 1032 630 1111 positaeque
645 1041 769 1094 movent
784 1033 907 1096 fastidia
921 1049 1055 1111 mensae,

239 1113 278 1176 Et
291 1130 414 1192 queror,
433 1116 527 1178 invisi
541 1133 610 1177 cum
623 1117 708 1178 venit
720 1116 797 1178 hora
813 1117 884 1178 cibi.

198 1197 286 1274 Quod
299 1213 394 1276 marc,
415 1201 500 1280 quod
514 1201 613 1278 tellus,
633 1215 766 1280 appone,
785 1200 871 1275 quod
885 1199 995 1263 cducat
1009 1217 1070 1276 aar,
1183 1267 1189 1280 ,

154 1292 190 1348 lc
238 1282 286 1343 llil
300 1281 351 1359 ibi,
374 1283 460 1360 quod
473 1283 565 1344 nobis
580 1284 746 1358 esuriatur,
761 1283 825 1355 crit.

195 1365 306 1427 Nectar
321 1374 350 1427 et
365 1366 559 1444 ambrosiam,
582 1368 688 1430 latices
704 1367 875 1444 epulasque
889 1367 1024 1442 deorum,

237 1448 295 1511 Det
308 1448 382 1512 milri
396 1451 533 1513 lormo'sa
546 1467 627 1512 nava
640 1451 768 1513 iuventa
781 1465 888 1511 manua

194 1534 262 1594 Non
275 1539 376 1596 amen
391 1541 521 1596 exacuet
534 1542 661 1612 torpens
676 1549 770 1612 sapor
783 1534 834 1594 illc
848 1533 992 1611 palatum,
1027 1607 1030 1610 ,

237 1615 339 1687 Stabit,
348 1623 378 1678 ct
392 1617 422 1679 in
438 1617 597 1681 stomacho
611 1619 735 1696 pondus
749 1618 846 1678 inerte
860 1617 922 1678 diu.
951 1621 954 1626 '

152 1707 188 1764 1⁵
199 1699 284 1763 Hace
299 1717 357 1777 ego
372 1717 434 1764 non
449 1703 557 1778 ausim,
581 1717 649 1764 cum
664 1703 725 1764 sint
738 1701 909 1776 verissima,
933 1700 1032 1764 cuivis

239 1783 389 1846 sorbere.
423 1785 550 1847 delimas
564 1802 604 1848 nc
618 1785 699 1846 mala
712 1791 818 1846 nostra
831 1789 932 1846 vocet

196 1867 319 1929 Scilicet
332 1869 360 1929 is
375 1874 472 1930 status
488 1876 543 1944 est,
565 1883 603 1933 ea
619 1884 722 1931 rerum
734 1869 834 1932 iorma
846 1881 991 1942 mearum,

235 1951 360 2014 Deliciis
375 1952 466 2015 etiam
479 1952 581 2029 possit
593 1961 627 2016 ut
640 1967 712 2014 esse
726 1953 824 2014 locus.
933 2019 936 2022 ,
977 1945 988 1964 ’

194 2033 328 2098 Delicias
341 2035 385 2098 illi
398 2051 511 2112 precor
523 2036 581 2098 hes
596 2037 782 2114 contingere,
805 2033 903 2109 siquos
1023 2051 1025 2058 ·

149 2127 189 2181 20
239 2117 284 2179 Nc
298 2117 372 2180 mihi
387 2119 427 2182 sit
440 2120 538 2182 levior
552 2119 694 2181 Caesaris
708 2120 763 2194 ira,
783 2117 877 2180 timet.

195 2202 227 2264 Is
242 2217 376 2280 quoque,
399 2204 451 2279 qui
464 2203 571 2280 gracili
585 2202 672 2266 cibus
687 2207 735 2264 est
748 2204 781 2264 in
794 2213 933 2278 corpore,
956 2213 1092 2276 somnus,

235 2285 304 2349 Non
318 2287 372 2349 alit
384 2286 488 2350 cilicio
502 2302 616 2363 corpus
629 2287 722 2349 inane
736 2301 803 2348 suo

194 2369 258 2431 Sed
272 2370 374 2446 vigilo,
399 2372 585 2449 vigilantque
599 2371 660 2432 mei
675 2371 741 2432 sine
755 2367 817 2430 fine
832 2369 965 2444 dolores,

236 2454 369 2529 Quorum
383 2456 540 2516 materiam
554 2455 607 2519 dat
620 2456 709 2522 locus.
720 2456 791 2532 ipse
804 2453 887 2514 mihi.

147 2546 185 2602 aa
195 2537 258 2601 Vix
272 2537 362 2613 igtur
375 2539 482 2614 possis
497 2540 585 2605 visos
599 2551 769 2616 agnoscere
783 2537 895 2611 vultus,

238 2620 367 2698 Quoque
380 2623 459 2699 ierit,
480 2638 623 2702 quaeras,
646 2622 698 2698 qui
712 2622 767 2684 luit
781 2627 860 2695 ante,
882 2619 977 2682 color.

192 2703 310 2766 Parvus
323 2706 356 2766 in
371 2706 469 2768 etates
484 2722 579 2768 sucus
593 2705 666 2766 mihi
679 2704 821 2781 pervenit
835 2708 933 2763 anusz

199 2851 202 2856 ,
233 2786 434 2865 Membraque
449 2797 520 2852 sunt
534 2804 605 2852 cera
618 2788 782 2865 pallidiora
795 2799 887 2846 nova.

192 2871 260 2933 Non
274 2873 353 2933 haec
366 2873 523 2935 inmodico
538 2873 677 2934 connato
692 2871 803 2932 damna
816 2869 937 2945 Lyaeos

148 2963 186 3020 et>
239 2954 317 3031 Scis,
340 2955 414 3018 mihi
430 2973 521 3033 quant
536 2957 622 3019 solae
636 2970 736 3032 paene
749 2953 891 3026 bibantur
903 2962 1013 3027 aquae.

190 3035 260 3099 Non
275 3039 375 3117 epulis
390 3055 512 3102 oneror.
541 3056 668 3116 quarum
682 3040 709 3100 si
723 3045 831 3113 tangar
845 3049 959 3111 amore,

232 3121 289 3184 Est
300 3130 402 3185 tamen
418 3123 448 3184 in
464 3123 576 3186 Geticis
592 3124 684 3199 copia
696 3121 780 3184 nuilla
794 3120 883 3182 locis.

191 3205 256 3267 Nec
269 3207 353 3270 vires
369 3207 474 3269 adimit
487 3208 609 3270 veneris
624 3207 774 3268 damnosa
786 3205 949 3280 voluptates
1034 3271 1039 3277 .

233 3289 302 3351 Non
317 3289 397 3354 sclct
409 3293 440 3354 in
456 3298 592 3354 maestos
607 3291 659 3352 illa
671 3289 776 3352 venire
789 3295 885 3348 toros.

147 3378 184 3434 35
195 3370 287 3434 Unda
302 3375 453 3450 locusque
467 3381 580 3438 nocent
593 3382 624 3439 et
637 3387 732 3436 causa
744 3371 894 3432 valentior
908 3365 984 3454 istis,

234 3457 385 3520 Anxietas
402 3459 502 3535 animi,
529 3457 694 3534 quaemihi
710 3469 832 3531 semper
845 3452 943 3513 adest.
