<?xml version="1.0" encoding="UTF-8"?>
<!DOCTYPE html PUBLIC "-//W3C//DTD XHTML 1.0 Transitional//EN"
    "http://www.w3.org/TR/xhtml1/DTD/xhtml1-transitional.dtd">
<html xmlns="http://www.w3.org/1999/xhtml" xml:lang="en" lang="en">
 <head>
  <title>
</title>
<meta http-equiv="Content-Type" content="text/html;charset=utf-8" />
  <meta name='ocr-system' content='tesseract 3.04.00' />
  <meta name='ocr-capabilities' content='ocr_page ocr_carea ocr_par ocr_line ocrx_word'/>
</head>
<body>
  <div class='ocr_page' id='page_1' title='image "./povidiusnaso01merkgoog_0265.png"; bbox 0 0 2524 4004; ppageno 0'>
   <div class='ocr_carea' id='block_1_1' title="bbox 146 181 883 271">
    <p class='ocr_par' dir='ltr' id='par_1_1' title="bbox 146 181 883 271">
     <span class='ocr_line' id='line_1_1' title="bbox 146 181 883 271; baseline -0.011 0"><span class='ocrx_word' id='word_1_1' title='bbox 146 205 209 271; x_wconf 77' lang='lat' dir='ltr'>eso</span> <span class='ocrx_word' id='word_1_2' title='bbox 237 206 241 214; x_wconf 86' lang='lat'>·</span> <span class='ocrx_word' id='word_1_3' title='bbox 274 222 280 240; x_wconf 89' lang='lat'>··</span> <span class='ocrx_word' id='word_1_4' title='bbox 518 201 800 264; x_wconf 77' lang='lat' dir='ltr'>nssronuu-</span> <span class='ocrx_word' id='word_1_5' title='bbox 881 181 883 184; x_wconf 79' lang='grc'><strong>’</strong></span> 
     </span>
    </p>
   </div>
   <div class='ocr_carea' id='block_1_2' title="bbox 23 351 1236 3514">
    <p class='ocr_par' dir='ltr' id='par_1_2' title="bbox 23 351 1236 3514">
     <span class='ocr_line' id='line_1_2' title="bbox 231 351 1170 442; baseline -0.001 -27"><span class='ocrx_word' id='word_1_6' title='bbox 231 356 364 428; x_wconf 89' lang='lat' dir='ltr'>Indolui,</span> <span class='ocrx_word' id='word_1_7' title='bbox 385 351 577 430; x_wconf 86' lang='lat' dir='ltr'>patriamque</span> <span class='ocrx_word' id='word_1_8' title='bbox 591 351 663 412; x_wconf 90' lang='lat' dir='ltr'>dedi</span> <span class='ocrx_word' id='word_1_9' title='bbox 678 353 746 428; x_wconf 89' lang='lat' dir='ltr'>tibi,</span> <span class='ocrx_word' id='word_1_10' title='bbox 766 353 911 426; x_wconf 80' lang='lat' dir='ltr'>Romule,</span> <span class='ocrx_word' id='word_1_11' title='bbox 926 356 1068 416; x_wconf 88' lang='lat' dir='ltr'>mentem.</span> <span class='ocrx_word' id='word_1_12' title='bbox 1146 421 1148 425; x_wconf 59' lang='grc'>,</span> <span class='ocrx_word' id='word_1_13' title='bbox 1166 419 1170 442; x_wconf 39' lang='grc'>1</span> 
     </span>
     <span class='ocr_line' id='line_1_3' title="bbox 195 433 1111 513; baseline 0.003 -17"><span class='ocrx_word' id='word_1_14' title='bbox 195 481 199 496; x_wconf 83' lang='lat'><em>.</em></span> <span class='ocrx_word' id='word_1_15' title='bbox 271 439 380 499; x_wconf 70' lang='lat' dir='ltr'>“Tollo</span> <span class='ocrx_word' id='word_1_16' title='bbox 394 438 538 513; x_wconf 85' lang='lat' dir='ltr'>preces,”</span> <span class='ocrx_word' id='word_1_17' title='bbox 559 433 623 494; x_wconf 89' lang='lat' dir='ltr'>dixi</span> <span class='ocrx_word' id='word_1_18' title='bbox 638 436 747 511; x_wconf 74' lang='lat' dir='ltr'>“quod</span> <span class='ocrx_word' id='word_1_19' title='bbox 763 437 841 511; x_wconf 88' lang='lat' dir='ltr'>petis</span> <span class='ocrx_word' id='word_1_20' title='bbox 857 451 943 496; x_wconf 88' lang='lat' dir='ltr'>arma</span> <span class='ocrx_word' id='word_1_21' title='bbox 958 437 1111 506; x_wconf 85' lang='lat' dir='ltr'>dabunt.”</span> 
     </span>
     <span class='ocr_line' id='line_1_4' title="bbox 230 517 993 596; baseline -0.003 -14"><span class='ocrx_word' id='word_1_22' title='bbox 230 523 321 582; x_wconf 87' lang='lat' dir='ltr'>Festa</span> <span class='ocrx_word' id='word_1_23' title='bbox 335 526 423 596; x_wconf 87' lang='lat' dir='ltr'>parat</span> <span class='ocrx_word' id='word_1_24' title='bbox 437 519 570 580; x_wconf 85' lang='lat' dir='ltr'>Conso...</span> <span class='ocrx_word' id='word_1_25' title='bbox 585 517 705 580; x_wconf 88' lang='lat' dir='ltr'>Consus</span> <span class='ocrx_word' id='word_1_26' title='bbox 718 519 772 579; x_wconf 86' lang='lat' dir='ltr'>tibi</span> <span class='ocrx_word' id='word_1_27' title='bbox 787 526 890 579; x_wconf 86' lang='lat' dir='ltr'>cetera</span> <span class='ocrx_word' id='word_1_28' title='bbox 903 520 993 596; x_wconf 87' lang='lat' dir='ltr'>dicet,</span> 
     </span>
     <span class='ocr_line' id='line_1_5' title="bbox 161 603 1022 684; baseline -0.01 -14"><span class='ocrx_word' id='word_1_29' title='bbox 161 615 214 670; x_wconf 70' lang='lat'>2⁰0</span> <span class='ocrx_word' id='word_1_30' title='bbox 265 605 321 666; x_wconf 92' lang='lat' dir='ltr'>llio</span> <span class='ocrx_word' id='word_1_31' title='bbox 337 605 419 664; x_wconf 87' lang='lat' dir='ltr'>lacta</span> <span class='ocrx_word' id='word_1_32' title='bbox 433 603 484 666; x_wconf 85' lang='lat' dir='ltr'>die</span> <span class='ocrx_word' id='word_1_33' title='bbox 498 603 571 664; x_wconf 92' lang='lat' dir='ltr'>dum</span> <span class='ocrx_word' id='word_1_34' title='bbox 585 611 746 662; x_wconf 74' lang='lat' dir='ltr'>suo&#39;sacra</span> <span class='ocrx_word' id='word_1_35' title='bbox 760 617 864 664; x_wconf 88' lang='lat' dir='ltr'>canes.</span> <span class='ocrx_word' id='word_1_36' title='bbox 1019 680 1022 684; x_wconf 21' lang='grc' dir='ltr'>Ι</span> 
     </span>
     <span class='ocr_line' id='line_1_6' title="bbox 230 684 972 760; baseline -0.005 -12"><span class='ocrx_word' id='word_1_37' title='bbox 230 690 405 754; x_wconf 78' lang='lat' dir='ltr'><strong>Intumuere</strong></span> <span class='ocrx_word' id='word_1_38' title='bbox 420 686 514 746; x_wconf 84' lang='lat' dir='ltr'>Cures</span> <span class='ocrx_word' id='word_1_39' title='bbox 529 692 560 745; x_wconf 87' lang='lat' dir='ltr'>et</span> <span class='ocrx_word' id='word_1_40' title='bbox 574 701 653 758; x_wconf 92' lang='lat' dir='ltr'>quos</span> <span class='ocrx_word' id='word_1_41' title='bbox 669 685 758 745; x_wconf 91' lang='lat' dir='ltr'>dolor</span> <span class='ocrx_word' id='word_1_42' title='bbox 771 685 868 760; x_wconf 81' lang='lat' dir='ltr'>attigit</span> <span class='ocrx_word' id='word_1_43' title='bbox 881 684 972 746; x_wconf 84' lang='lat' dir='ltr'>idem.</span> 
     </span>
     <span class='ocr_line' id='line_1_7' title="bbox 270 761 1030 845; baseline -0.007 -12"><span class='ocrx_word' id='word_1_44' title='bbox 270 774 345 833; x_wconf 79' lang='lat' dir='ltr'>Tum</span> <span class='ocrx_word' id='word_1_45' title='bbox 360 771 491 845; x_wconf 86' lang='lat' dir='ltr'>primurn</span> <span class='ocrx_word' id='word_1_46' title='bbox 506 768 628 843; x_wconf 73' lang='lat' dir='ltr'>generis</span> <span class='ocrx_word' id='word_1_47' title='bbox 643 767 741 830; x_wconf 86' lang='lat' dir='ltr'>intulit</span> <span class='ocrx_word' id='word_1_48' title='bbox 754 785 839 828; x_wconf 88' lang='lat' dir='ltr'>arma</span> <span class='ocrx_word' id='word_1_49' title='bbox 856 761 955 830; x_wconf 87' lang='lat' dir='ltr'>soce‘r.</span> <span class='ocrx_word' id='word_1_50' title='bbox 1028 791 1030 794; x_wconf 94' lang='lat'>·</span> 
     </span>
     <span class='ocr_line' id='line_1_8' title="bbox 229 853 1143 930; baseline 0 -16"><span class='ocrx_word' id='word_1_51' title='bbox 229 855 356 930; x_wconf 85' lang='lat' dir='ltr'>lamque</span> <span class='ocrx_word' id='word_1_52' title='bbox 370 854 435 912; x_wconf 86' lang='lat' dir='ltr'>lere</span> <span class='ocrx_word' id='word_1_53' title='bbox 448 858 559 926; x_wconf 85' lang='lat' dir='ltr'>raptae</span> <span class='ocrx_word' id='word_1_54' title='bbox 570 858 698 912; x_wconf 86' lang='lat' dir='ltr'>matrum</span> <span class='ocrx_word' id='word_1_55' title='bbox 713 867 837 926; x_wconf 87' lang='lat' dir='ltr'>quoque</span> <span class='ocrx_word' id='word_1_56' title='bbox 849 859 962 926; x_wconf 83' lang='lat' dir='ltr'>nomen</span> <span class='ocrx_word' id='word_1_57' title='bbox 976 853 1143 928; x_wconf 78' lang='lat' dir='ltr'>habebant,</span> 
     </span>
     <span class='ocr_line' id='line_1_9' title="bbox 271 930 1037 1013; baseline 0 -17"><span class='ocrx_word' id='word_1_58' title='bbox 271 937 442 1011; x_wconf 78' lang='lat' dir='ltr'>Tractaque</span> <span class='ocrx_word' id='word_1_59' title='bbox 456 940 542 994; x_wconf 87' lang='lat' dir='ltr'>erant</span> <span class='ocrx_word' id='word_1_60' title='bbox 553 930 647 1013; x_wconf 80' lang='lat' dir='ltr'>longa</span> <span class='ocrx_word' id='word_1_61' title='bbox 660 934 741 994; x_wconf 86' lang='lat' dir='ltr'>bella</span> <span class='ocrx_word' id='word_1_62' title='bbox 756 936 930 1010; x_wconf 89' lang='lat' dir='ltr'>propinqua</span> <span class='ocrx_word' id='word_1_63' title='bbox 944 952 1037 998; x_wconf 89' lang='lat' dir='ltr'>mora.</span> 
     </span>
     <span class='ocr_line' id='line_1_10' title="bbox 158 1009 1063 1092; baseline -0.004 -10"><span class='ocrx_word' id='word_1_64' title='bbox 158 1029 211 1084; x_wconf 60' lang='grc' dir='ltr'>ποῦ</span> <span class='ocrx_word' id='word_1_65' title='bbox 228 1020 419 1083; x_wconf 82' lang='lat' dir='ltr'>Conveniunt</span> <span class='ocrx_word' id='word_1_66' title='bbox 434 1024 546 1092; x_wconf 78' lang='lat' dir='ltr'>nuptae</span> <span class='ocrx_word' id='word_1_67' title='bbox 561 1009 671 1078; x_wconf 84' lang='lat' dir='ltr'>dietam</span> <span class='ocrx_word' id='word_1_68' title='bbox 685 1018 834 1079; x_wconf 88' lang='lat' dir='ltr'>lunonis</span> <span class='ocrx_word' id='word_1_69' title='bbox 826 1035 857 1080; x_wconf 88' lang='lat' dir='ltr'>m</span> <span class='ocrx_word' id='word_1_70' title='bbox 872 1018 997 1080; x_wconf 90' lang='lat' dir='ltr'>aedem·</span> <span class='ocrx_word' id='word_1_71' title='bbox 1059 1039 1063 1044; x_wconf 58' lang='lat'>¹</span> 
     </span>
     <span class='ocr_line' id='line_1_11' title="bbox 269 1101 970 1186; baseline -0.003 -22"><span class='ocrx_word' id='word_1_72' title='bbox 269 1103 350 1178; x_wconf 83' lang='lat' dir='ltr'>Quas</span> <span class='ocrx_word' id='word_1_73' title='bbox 366 1103 443 1164; x_wconf 89' lang='lat' dir='ltr'>inter</span> <span class='ocrx_word' id='word_1_74' title='bbox 457 1117 526 1161; x_wconf 88' lang='lat' dir='ltr'>mea</span> <span class='ocrx_word' id='word_1_75' title='bbox 541 1101 586 1161; x_wconf 91' lang='lat' dir='ltr'>sic</span> <span class='ocrx_word' id='word_1_76' title='bbox 601 1106 649 1160; x_wconf 83' lang='lat' dir='ltr'>est</span> <span class='ocrx_word' id='word_1_77' title='bbox 662 1117 756 1162; x_wconf 85' lang='lat' dir='ltr'>nurus</span> <span class='ocrx_word' id='word_1_78' title='bbox 773 1117 845 1163; x_wconf 89' lang='lat' dir='ltr'>orsa</span> <span class='ocrx_word' id='word_1_79' title='bbox 859 1103 970 1186; x_wconf 90' lang='lat' dir='ltr'>loqui·</span> 
     </span>
     <span class='ocr_line' id='line_1_12' title="bbox 230 1184 1163 1287; baseline -0.003 -39"><span class='ocrx_word' id='word_1_80' title='bbox 230 1187 278 1248; x_wconf 77' lang='lat'>“0</span> <span class='ocrx_word' id='word_1_81' title='bbox 293 1187 408 1268; x_wconf 87' lang='lat' dir='ltr'>pariter</span> <span class='ocrx_word' id='word_1_82' title='bbox 420 1191 564 1260; x_wconf 60' lang='lat' dir='ltr'>raptae„</span> <span class='ocrx_word' id='word_1_83' title='bbox 581 1184 725 1259; x_wconf 86' lang='lat' dir='ltr'>quoniam</span> <span class='ocrx_word' id='word_1_84' title='bbox 740 1185 800 1246; x_wconf 91' lang='lat' dir='ltr'>hoc</span> <span class='ocrx_word' id='word_1_85' title='bbox 815 1201 976 1246; x_wconf 86' lang='lat' dir='ltr'>commune</span> <span class='ocrx_word' id='word_1_86' title='bbox 990 1192 1163 1287; x_wconf 84' lang='lat' dir='ltr'>tenemus..</span> 
     </span>
     <span class='ocr_line' id='line_1_13' title="bbox 269 1269 1043 1346; baseline 0 -17"><span class='ocrx_word' id='word_1_87' title='bbox 269 1271 336 1330; x_wconf 90' lang='lat' dir='ltr'>Non</span> <span class='ocrx_word' id='word_1_88' title='bbox 351 1269 430 1330; x_wconf 88' lang='lat' dir='ltr'>ultra</span> <span class='ocrx_word' id='word_1_89' title='bbox 443 1269 524 1328; x_wconf 85' lang='lat' dir='ltr'>lente</span> <span class='ocrx_word' id='word_1_90' title='bbox 538 1283 704 1342; x_wconf 89' lang='lat' dir='ltr'>possumus</span> <span class='ocrx_word' id='word_1_91' title='bbox 719 1283 791 1330; x_wconf 90' lang='lat' dir='ltr'>esse</span> <span class='ocrx_word' id='word_1_92' title='bbox 806 1271 1043 1346; x_wconf 85' lang='lat' dir='ltr'>piae·</span> 
     </span>
     <span class='ocr_line' id='line_1_14' title="bbox 230 1351 1041 1428; baseline -0.004 -14"><span class='ocrx_word' id='word_1_93' title='bbox 230 1353 317 1414; x_wconf 81' lang='lat' dir='ltr'>Stant</span> <span class='ocrx_word' id='word_1_94' title='bbox 330 1353 422 1414; x_wconf 88' lang='lat' dir='ltr'>acies.</span> <span class='ocrx_word' id='word_1_95' title='bbox 454 1351 511 1413; x_wconf 85' lang='lat' dir='ltr'>sed</span> <span class='ocrx_word' id='word_1_96' title='bbox 525 1358 594 1412; x_wconf 86' lang='lat' dir='ltr'>utra</span> <span class='ocrx_word' id='word_1_97' title='bbox 607 1351 639 1410; x_wconf 94' lang='lat' dir='ltr'>di</span> <span class='ocrx_word' id='word_1_98' title='bbox 654 1351 714 1410; x_wconf 90' lang='lat' dir='ltr'>sint</span> <span class='ocrx_word' id='word_1_99' title='bbox 727 1369 784 1427; x_wconf 90' lang='lat' dir='ltr'>pro</span> <span class='ocrx_word' id='word_1_100' title='bbox 805 1359 891 1428; x_wconf 86' lang='lat' dir='ltr'>parte</span> <span class='ocrx_word' id='word_1_101' title='bbox 905 1351 1041 1426; x_wconf 74' lang='lat' dir='ltr'>rogandi,</span> 
     </span>
     <span class='ocr_line' id='line_1_15' title="bbox 160 1434 1041 1512; baseline -0.006 -13"><span class='ocrx_word' id='word_1_102' title='bbox 160 1446 213 1499; x_wconf 75' lang='lat'>210</span> <span class='ocrx_word' id='word_1_103' title='bbox 244 1490 247 1496; x_wconf 88' lang='lat'>.</span> <span class='ocrx_word' id='word_1_104' title='bbox 266 1435 384 1511; x_wconf 81' lang='lat' dir='ltr'>Eligite</span> <span class='ocrx_word' id='word_1_105' title='bbox 417 1435 488 1496; x_wconf 91' lang='lat' dir='ltr'>hinc</span> <span class='ocrx_word' id='word_1_106' title='bbox 503 1435 646 1506; x_wconf 82' lang='lat' dir='ltr'>coniunx,</span> <span class='ocrx_word' id='word_1_107' title='bbox 669 1434 740 1495; x_wconf 88' lang='lat' dir='ltr'>hinc</span> <span class='ocrx_word' id='word_1_108' title='bbox 754 1443 842 1512; x_wconf 86' lang='lat' dir='ltr'>pater</span> <span class='ocrx_word' id='word_1_109' title='bbox 855 1451 939 1498; x_wconf 88' lang='lat' dir='ltr'>arma</span> <span class='ocrx_word' id='word_1_110' title='bbox 953 1441 1041 1496; x_wconf 88' lang='lat' dir='ltr'>tenet.</span> 
     </span>
     <span class='ocr_line' id='line_1_16' title="bbox 230 1517 1071 1595; baseline -0.002 -15"><span class='ocrx_word' id='word_1_111' title='bbox 230 1519 443 1595; x_wconf 78' lang='lat' dir='ltr'>Quaerendum</span> <span class='ocrx_word' id='word_1_112' title='bbox 457 1525 519 1592; x_wconf 87' lang='lat' dir='ltr'>est,</span> <span class='ocrx_word' id='word_1_113' title='bbox 536 1517 649 1578; x_wconf 89' lang='lat' dir='ltr'>viduae</span> <span class='ocrx_word' id='word_1_114' title='bbox 663 1518 730 1578; x_wconf 88' lang='lat' dir='ltr'>lieri</span> <span class='ocrx_word' id='word_1_115' title='bbox 745 1519 899 1593; x_wconf 84' lang='lat' dir='ltr'>malirnus,</span> <span class='ocrx_word' id='word_1_116' title='bbox 914 1535 955 1578; x_wconf 90' lang='lat' dir='ltr'>on</span> <span class='ocrx_word' id='word_1_117' title='bbox 969 1518 1071 1578; x_wconf 83' lang='lat' dir='ltr'>orbae.</span> 
     </span>
     <span class='ocr_line' id='line_1_17' title="bbox 272 1601 935 1677; baseline 0.002 -16"><span class='ocrx_word' id='word_1_118' title='bbox 272 1603 438 1663; x_wconf 85' lang='lat' dir='ltr'>consilium</span> <span class='ocrx_word' id='word_1_119' title='bbox 456 1601 547 1663; x_wconf 86' lang='lat' dir='ltr'>vobis</span> <span class='ocrx_word' id='word_1_120' title='bbox 568 1602 646 1661; x_wconf 88' lang='lat' dir='ltr'>lorte</span> <span class='ocrx_word' id='word_1_121' title='bbox 660 1602 810 1677; x_wconf 88' lang='lat' dir='ltr'>piumque</span> <span class='ocrx_word' id='word_1_122' title='bbox 820 1601 935 1663; x_wconf 88' lang='lat' dir='ltr'>dabo.”</span> 
     </span>
     <span class='ocr_line' id='line_1_18' title="bbox 229 1683 1080 1761; baseline -0.002 -15"><span class='ocrx_word' id='word_1_123' title='bbox 229 1685 394 1746; x_wconf 80' lang='lat' dir='ltr'>Consilium</span> <span class='ocrx_word' id='word_1_124' title='bbox 409 1684 546 1746; x_wconf 87' lang='lat' dir='ltr'>dederat.</span> <span class='ocrx_word' id='word_1_125' title='bbox 578 1683 701 1759; x_wconf 87' lang='lat' dir='ltr'>Parent,</span> <span class='ocrx_word' id='word_1_126' title='bbox 724 1689 887 1761; x_wconf 83' lang='lat' dir='ltr'>crinesque</span> <span class='ocrx_word' id='word_1_127' title='bbox 915 1685 1080 1758; x_wconf 76' lang='lat' dir='ltr'>resolvunt</span> 
     </span>
     <span class='ocr_line' id='line_1_19' title="bbox 266 1769 1065 1843; baseline 0 -15"><span class='ocrx_word' id='word_1_128' title='bbox 266 1769 447 1842; x_wconf 81' lang='lat' dir='ltr'>Maestaque</span> <span class='ocrx_word' id='word_1_129' title='bbox 463 1770 590 1828; x_wconf 81' lang='lat' dir='ltr'>funerea</span> <span class='ocrx_word' id='word_1_130' title='bbox 604 1781 735 1843; x_wconf 86' lang='lat' dir='ltr'>corpora</span> <span class='ocrx_word' id='word_1_131' title='bbox 751 1775 836 1829; x_wconf 89' lang='lat' dir='ltr'>veste</span> <span class='ocrx_word' id='word_1_132' title='bbox 850 1775 965 1843; x_wconf 30' lang='lat' dir='ltr'>tegunt..</span> <span class='ocrx_word' id='word_1_133' title='bbox 1062 1787 1065 1800; x_wconf 83' lang='lat'><em>·</em></span> 
     </span>
     <span class='ocr_line' id='line_1_20' title="bbox 23 1849 957 1930; baseline -0.003 -16"><span class='ocrx_word' id='word_1_134' title='bbox 23 1879 33 1930; x_wconf 73' lang='lat' dir='ltr'><strong><em>f</em></strong></span> <span class='ocrx_word' id='word_1_135' title='bbox 161 1861 213 1914; x_wconf 70' lang='lat'>215</span> <span class='ocrx_word' id='word_1_136' title='bbox 226 1851 290 1911; x_wconf 88' lang='lat' dir='ltr'>lam</span> <span class='ocrx_word' id='word_1_137' title='bbox 304 1849 452 1912; x_wconf 79' lang='lat' dir='ltr'>steterant</span> <span class='ocrx_word' id='word_1_138' title='bbox 465 1851 548 1910; x_wconf 86' lang='lat' dir='ltr'>acles</span> <span class='ocrx_word' id='word_1_139' title='bbox 563 1852 645 1912; x_wconf 81' lang='lat' dir='ltr'>terro</span> <span class='ocrx_word' id='word_1_140' title='bbox 660 1852 809 1928; x_wconf 87' lang='lat' dir='ltr'>mortique</span> <span class='ocrx_word' id='word_1_141' title='bbox 824 1859 957 1928; x_wconf 85' lang='lat' dir='ltr'>paratae,</span> 
     </span>
     <span class='ocr_line' id='line_1_21' title="bbox 133 1933 921 2010; baseline -0.003 -17"><span class='ocrx_word' id='word_1_142' title='bbox 133 1936 137 1942; x_wconf 84' lang='lat'><em>&#39;</em></span> <span class='ocrx_word' id='word_1_143' title='bbox 165 1936 168 1948; x_wconf 81' lang='grc'><strong>“</strong></span> <span class='ocrx_word' id='word_1_144' title='bbox 269 1935 331 1996; x_wconf 88' lang='lat' dir='ltr'>lam</span> <span class='ocrx_word' id='word_1_145' title='bbox 347 1936 439 1995; x_wconf 89' lang='lat' dir='ltr'>lituus</span> <span class='ocrx_word' id='word_1_146' title='bbox 459 1947 582 2010; x_wconf 82' lang='lat' dir='ltr'>pugnae</span> <span class='ocrx_word' id='word_1_147' title='bbox 597 1933 686 2010; x_wconf 82' lang='lat' dir='ltr'>signa</span> <span class='ocrx_word' id='word_1_148' title='bbox 701 1936 826 1996; x_wconf 86' lang='lat' dir='ltr'>daturus</span> <span class='ocrx_word' id='word_1_149' title='bbox 841 1942 921 1996; x_wconf 79' lang='lat' dir='ltr'>erat:</span> 
     </span>
     <span class='ocr_line' id='line_1_22' title="bbox 126 2018 1016 2096; baseline -0.001 -20"><span class='ocrx_word' id='word_1_150' title='bbox 126 2071 129 2076; x_wconf 87' lang='lat'><em>.</em></span> <span class='ocrx_word' id='word_1_151' title='bbox 228 2018 302 2079; x_wconf 85' lang='lat' dir='ltr'>Cum</span> <span class='ocrx_word' id='word_1_152' title='bbox 315 2025 422 2096; x_wconf 86' lang='lat' dir='ltr'>raptae</span> <span class='ocrx_word' id='word_1_153' title='bbox 438 2018 562 2090; x_wconf 84' lang='lat' dir='ltr'>veniunt</span> <span class='ocrx_word' id='word_1_154' title='bbox 575 2019 653 2078; x_wconf 83' lang='lat' dir='ltr'>inter</span> <span class='ocrx_word' id='word_1_155' title='bbox 665 2026 830 2094; x_wconf 87' lang='lat' dir='ltr'>patresque</span> <span class='ocrx_word' id='word_1_156' title='bbox 845 2019 1016 2093; x_wconf 55' lang='lat' dir='ltr'>virosque„</span> 
     </span>
     <span class='ocr_line' id='line_1_23' title="bbox 265 2101 949 2178; baseline -0.004 -18"><span class='ocrx_word' id='word_1_157' title='bbox 265 2101 363 2178; x_wconf 87' lang='lat' dir='ltr'>Inque</span> <span class='ocrx_word' id='word_1_158' title='bbox 378 2101 445 2162; x_wconf 90' lang='lat' dir='ltr'>sinu</span> <span class='ocrx_word' id='word_1_159' title='bbox 460 2108 564 2176; x_wconf 80' lang='lat' dir='ltr'>natae,</span> <span class='ocrx_word' id='word_1_160' title='bbox 587 2101 716 2176; x_wconf 82' lang='lat' dir='ltr'>pignora</span> <span class='ocrx_word' id='word_1_161' title='bbox 731 2117 818 2177; x_wconf 86' lang='lat' dir='ltr'>cara,</span> <span class='ocrx_word' id='word_1_162' title='bbox 837 2108 949 2164; x_wconf 84' lang='lat' dir='ltr'>tenent.</span> 
     </span>
     <span class='ocr_line' id='line_1_24' title="bbox 226 2184 935 2261; baseline 0.001 -17"><span class='ocrx_word' id='word_1_163' title='bbox 226 2184 267 2245; x_wconf 87' lang='lat' dir='ltr'>Ut</span> <span class='ocrx_word' id='word_1_164' title='bbox 281 2185 414 2246; x_wconf 87' lang='lat' dir='ltr'>medium</span> <span class='ocrx_word' id='word_1_165' title='bbox 429 2185 529 2260; x_wconf 90' lang='lat' dir='ltr'>campi</span> <span class='ocrx_word' id='word_1_166' title='bbox 543 2185 652 2246; x_wconf 88' lang='lat' dir='ltr'>scissis</span> <span class='ocrx_word' id='word_1_167' title='bbox 666 2185 792 2260; x_wconf 79' lang='lat' dir='ltr'>tetigere</span> <span class='ocrx_word' id='word_1_168' title='bbox 807 2186 935 2261; x_wconf 82' lang='lat' dir='ltr'>capillis,</span> 
     </span>
     <span class='ocr_line' id='line_1_25' title="bbox 158 2268 859 2344; baseline -0.006 -14"><span class='ocrx_word' id='word_1_169' title='bbox 158 2269 211 2330; x_wconf 57' lang='grc' dir='ltr'>πο</span> <span class='ocrx_word' id='word_1_170' title='bbox 262 2268 295 2327; x_wconf 94' lang='lat' dir='ltr'>ln</span> <span class='ocrx_word' id='word_1_171' title='bbox 311 2275 423 2328; x_wconf 83' lang='lat' dir='ltr'>terram</span> <span class='ocrx_word' id='word_1_172' title='bbox 437 2268 541 2342; x_wconf 82' lang='lat' dir='ltr'>posito</span> <span class='ocrx_word' id='word_1_173' title='bbox 556 2268 750 2344; x_wconf 81' lang='lat' dir='ltr'>procubuere</span> <span class='ocrx_word' id='word_1_174' title='bbox 764 2284 859 2344; x_wconf 68' lang='lat' dir='ltr'>ganuz</span> 
     </span>
     <span class='ocr_line' id='line_1_26' title="bbox 226 2349 1236 2428; baseline 0.003 -19"><span class='ocrx_word' id='word_1_175' title='bbox 226 2351 264 2410; x_wconf 87' lang='lat' dir='ltr'>Et</span> <span class='ocrx_word' id='word_1_176' title='bbox 279 2351 368 2424; x_wconf 87' lang='lat' dir='ltr'>quasi</span> <span class='ocrx_word' id='word_1_177' title='bbox 383 2352 544 2424; x_wconf 73' lang='lat' dir='ltr'>sentirent,</span> <span class='ocrx_word' id='word_1_178' title='bbox 565 2349 678 2412; x_wconf 89' lang='lat' dir='ltr'>blando</span> <span class='ocrx_word' id='word_1_179' title='bbox 694 2354 828 2412; x_wconf 88' lang='lat' dir='ltr'>clamore</span> <span class='ocrx_word' id='word_1_180' title='bbox 841 2358 970 2428; x_wconf 85' lang='lat' dir='ltr'>nepotes</span> <span class='ocrx_word' id='word_1_181' title='bbox 1038 2399 1042 2406; x_wconf 90' lang='lat'>.</span> <span class='ocrx_word' id='word_1_182' title='bbox 1235 2407 1236 2412; x_wconf 73' lang='grc'>,</span> 
     </span>
     <span class='ocr_line' id='line_1_27' title="bbox 153 2421 1236 2512; baseline 0 -18"><span class='ocrx_word' id='word_1_183' title='bbox 153 2457 157 2466; x_wconf 93' lang='grc'><strong><em>·</em></strong></span> <span class='ocrx_word' id='word_1_184' title='bbox 266 2432 444 2495; x_wconf 83' lang='lat' dir='ltr'>Tendebam</span> <span class='ocrx_word' id='word_1_185' title='bbox 460 2435 503 2493; x_wconf 88' lang='lat' dir='ltr'>ad</span> <span class='ocrx_word' id='word_1_186' title='bbox 517 2449 594 2496; x_wconf 86' lang='lat' dir='ltr'>avos</span> <span class='ocrx_word' id='word_1_187' title='bbox 608 2435 753 2496; x_wconf 86' lang='lat' dir='ltr'>bracchia</span> <span class='ocrx_word' id='word_1_188' title='bbox 769 2451 863 2512; x_wconf 86' lang='lat' dir='ltr'>parva</span> <span class='ocrx_word' id='word_1_189' title='bbox 877 2450 963 2496; x_wconf 88' lang='lat' dir='ltr'>suos.</span> <span class='ocrx_word' id='word_1_190' title='bbox 1235 2421 1236 2473; x_wconf 87' lang='lat' dir='ltr'>l</span> 
     </span>
     <span class='ocr_line' id='line_1_28' title="bbox 227 2515 1235 2593; baseline 0.001 -17"><span class='ocrx_word' id='word_1_191' title='bbox 227 2515 281 2589; x_wconf 79' lang='lat' dir='ltr'>Qui</span> <span class='ocrx_word' id='word_1_192' title='bbox 297 2524 431 2592; x_wconf 85' lang='lat' dir='ltr'>poterat,</span> <span class='ocrx_word' id='word_1_193' title='bbox 448 2517 598 2578; x_wconf 88' lang='lat' dir='ltr'>clamabat</span> <span class='ocrx_word' id='word_1_194' title='bbox 610 2533 719 2592; x_wconf 87' lang='lat' dir='ltr'>avum,</span> <span class='ocrx_word' id='word_1_195' title='bbox 742 2527 814 2580; x_wconf 91' lang='lat' dir='ltr'>tunc</span> <span class='ocrx_word' id='word_1_196' title='bbox 828 2519 960 2593; x_wconf 85' lang='lat' dir='ltr'>denique</span> <span class='ocrx_word' id='word_1_197' title='bbox 974 2516 1083 2591; x_wconf 76' lang='lat' dir='ltr'>visum,</span> <span class='ocrx_word' id='word_1_198' title='bbox 1234 2533 1235 2544; x_wconf 55' lang='lat'>¹</span> 
     </span>
     <span class='ocr_line' id='line_1_29' title="bbox 263 2599 993 2682; baseline 0.008 -24"><span class='ocrx_word' id='word_1_199' title='bbox 263 2600 306 2682; x_wconf 71' lang='lat' dir='ltr'>Et</span> <span class='ocrx_word' id='word_1_200' title='bbox 317 2601 369 2675; x_wconf 90' lang='lat' dir='ltr'>qui</span> <span class='ocrx_word' id='word_1_201' title='bbox 382 2599 436 2662; x_wconf 87' lang='lat' dir='ltr'>vix</span> <span class='ocrx_word' id='word_1_202' title='bbox 450 2607 585 2676; x_wconf 85' lang='lat' dir='ltr'>poterat,</span> <span class='ocrx_word' id='word_1_203' title='bbox 607 2611 701 2676; x_wconf 91' lang='lat' dir='ltr'>posse</span> <span class='ocrx_word' id='word_1_204' title='bbox 716 2609 842 2664; x_wconf 83' lang='lat' dir='ltr'>coactus</span> <span class='ocrx_word' id='word_1_205' title='bbox 855 2608 943 2664; x_wconf 58' lang='lat' dir='ltr'>erat„</span> <span class='ocrx_word' id='word_1_206' title='bbox 990 2632 993 2640; x_wconf 93' lang='lat'>·</span> 
     </span>
     <span class='ocr_line' id='line_1_30' title="bbox 158 2683 1031 2760; baseline -0.003 -14"><span class='ocrx_word' id='word_1_207' title='bbox 158 2691 209 2746; x_wconf 73' lang='lat'>225</span> <span class='ocrx_word' id='word_1_208' title='bbox 223 2684 385 2744; x_wconf 80' lang='lat' dir='ltr'>Telaviris</span> <span class='ocrx_word' id='word_1_209' title='bbox 398 2685 554 2760; x_wconf 84' lang='lat' dir='ltr'>animique</span> <span class='ocrx_word' id='word_1_210' title='bbox 570 2683 691 2746; x_wconf 84' lang='lat' dir='ltr'>cadunt.</span> <span class='ocrx_word' id='word_1_211' title='bbox 719 2685 893 2760; x_wconf 76' lang='lat' dir='ltr'>gladiisque</span> <span class='ocrx_word' id='word_1_212' title='bbox 904 2684 1031 2748; x_wconf 84' lang='lat' dir='ltr'>remotis</span> 
     </span>
     <span class='ocr_line' id='line_1_31' title="bbox 263 2767 959 2844; baseline 0.006 -18"><span class='ocrx_word' id='word_1_213' title='bbox 263 2767 343 2828; x_wconf 81' lang='lat' dir='ltr'>liant</span> <span class='ocrx_word' id='word_1_214' title='bbox 357 2769 458 2830; x_wconf 84' lang='lat' dir='ltr'>soceri</span> <span class='ocrx_word' id='word_1_215' title='bbox 471 2769 594 2843; x_wconf 75' lang='lat' dir='ltr'>generis</span> <span class='ocrx_word' id='word_1_216' title='bbox 611 2770 826 2844; x_wconf 83' lang='lat' dir='ltr'>accipiuntque</span> <span class='ocrx_word' id='word_1_217' title='bbox 838 2785 959 2843; x_wconf 83' lang='lat' dir='ltr'>manus,</span> 
     </span>
     <span class='ocr_line' id='line_1_32' title="bbox 223 2850 1003 2928; baseline 0.008 -19"><span class='ocrx_word' id='word_1_218' title='bbox 223 2850 442 2926; x_wconf 82' lang='lat' dir='ltr'>Laudatasque</span> <span class='ocrx_word' id='word_1_219' title='bbox 455 2858 559 2912; x_wconf 83' lang='lat' dir='ltr'>teuent</span> <span class='ocrx_word' id='word_1_220' title='bbox 573 2859 674 2926; x_wconf 75' lang='lat' dir='ltr'>name,</span> <span class='ocrx_word' id='word_1_221' title='bbox 698 2859 851 2926; x_wconf 84' lang='lat' dir='ltr'>scutoque.</span> <span class='ocrx_word' id='word_1_222' title='bbox 859 2858 1003 2928; x_wconf 80' lang='lat' dir='ltr'>nepotem</span> 
     </span>
     <span class='ocr_line' id='line_1_33' title="bbox 264 2933 923 2998; baseline 0.003 -7"><span class='ocrx_word' id='word_1_223' title='bbox 264 2933 335 2992; x_wconf 85' lang='lat' dir='ltr'>Fert</span> <span class='ocrx_word' id='word_1_224' title='bbox 349 2949 437 2996; x_wconf 79' lang='lat' dir='ltr'>avus.</span> <span class='ocrx_word' id='word_1_225' title='bbox 465 2935 515 2995; x_wconf 88' lang='lat' dir='ltr'>hic</span> <span class='ocrx_word' id='word_1_226' title='bbox 532 2937 612 2996; x_wconf 87' lang='lat' dir='ltr'>scuti</span> <span class='ocrx_word' id='word_1_227' title='bbox 626 2936 746 2997; x_wconf 85' lang='lat' dir='ltr'>dulcior</span> <span class='ocrx_word' id='word_1_228' title='bbox 760 2951 834 2996; x_wconf 88' lang='lat' dir='ltr'>usus</span> <span class='ocrx_word' id='word_1_229' title='bbox 851 2943 923 2998; x_wconf 89' lang='lat' dir='ltr'>erat.</span> 
     </span>
     <span class='ocr_line' id='line_1_34' title="bbox 224 3015 1088 3094; baseline 0.006 -22"><span class='ocrx_word' id='word_1_230' title='bbox 224 3015 299 3073; x_wconf 90' lang='lat' dir='ltr'>inde</span> <span class='ocrx_word' id='word_1_231' title='bbox 314 3015 409 3090; x_wconf 79' lang='lat' dir='ltr'>disan,</span> <span class='ocrx_word' id='word_1_232' title='bbox 431 3033 510 3092; x_wconf 89' lang='lat' dir='ltr'>quae</span> <span class='ocrx_word' id='word_1_233' title='bbox 525 3020 637 3094; x_wconf 86' lang='lat' dir='ltr'>prima,</span> <span class='ocrx_word' id='word_1_234' title='bbox 660 3035 745 3080; x_wconf 82' lang='lat' dir='ltr'>meas</span> <span class='ocrx_word' id='word_1_235' title='bbox 760 3020 917 3080; x_wconf 85' lang='lat' dir='ltr'>celebrare</span> <span class='ocrx_word' id='word_1_236' title='bbox 930 3016 1088 3080; x_wconf 85' lang='lat' dir='ltr'>Kalendas</span> 
     </span>
     <span class='ocr_line' id='line_1_35' title="bbox 159 3095 1042 3164; baseline 0.013 -12.394"><span class='ocrx_word' id='word_1_237' title='bbox 159 3095 409 3158; x_wconf 74' lang='lat' dir='ltr'>aaoOebaliae</span> <span class='ocrx_word' id='word_1_238' title='bbox 428 3107 541 3162; x_wconf 87' lang='lat' dir='ltr'>matres</span> <span class='ocrx_word' id='word_1_239' title='bbox 555 3119 617 3162; x_wconf 86' lang='lat' dir='ltr'>non</span> <span class='ocrx_word' id='word_1_240' title='bbox 633 3104 702 3164; x_wconf 89' lang='lat' dir='ltr'>leve</span> <span class='ocrx_word' id='word_1_241' title='bbox 714 3119 825 3164; x_wconf 86' lang='lat' dir='ltr'>munus</span> <span class='ocrx_word' id='word_1_242' title='bbox 840 3101 961 3164; x_wconf 78' lang='lat' dir='ltr'>habent</span> <span class='ocrx_word' id='word_1_243' title='bbox 1039 3141 1042 3148; x_wconf 84' lang='lat'>-</span> 
     </span>
     <span class='ocr_line' id='line_1_36' title="bbox 159 3103 1081 3258; baseline 0.005 -21.044"><span class='ocrx_word' id='word_1_244' title='bbox 167 3205 209 3222; x_wconf 78' lang='lat'>-</span> <span class='ocrx_word' id='word_1_245' title='bbox 159 3103 286 3238; x_wconf 62' lang='lat' dir='ltr'>23⁰Aru</span> <span class='ocrx_word' id='word_1_246' title='bbox 301 3181 387 3254; x_wconf 87' lang='lat' dir='ltr'>quia,</span> <span class='ocrx_word' id='word_1_247' title='bbox 406 3185 551 3244; x_wconf 86' lang='lat' dir='ltr'>connnitti</span> <span class='ocrx_word' id='word_1_248' title='bbox 566 3186 679 3248; x_wconf 70' lang='lat' dir='ltr'>sulcus</span> <span class='ocrx_word' id='word_1_249' title='bbox 698 3185 895 3250; x_wconf 80' lang='lat' dir='ltr'>mucronibus</span> <span class='ocrx_word' id='word_1_250' title='bbox 909 3200 1012 3258; x_wconf 83' lang='lat' dir='ltr'>ausae,</span> <span class='ocrx_word' id='word_1_251' title='bbox 1077 3237 1081 3242; x_wconf 81' lang='grc'>,</span> 
     </span>
     <span class='ocr_line' id='line_1_37' title="bbox 168 3261 877 3346; baseline 0.02 -26"><span class='ocrx_word' id='word_1_252' title='bbox 168 3291 211 3304; x_wconf 89' lang='grc'>--</span> <span class='ocrx_word' id='word_1_253' title='bbox 265 3261 420 3324; x_wconf 84' lang='lat' dir='ltr'>Finieraut</span> <span class='ocrx_word' id='word_1_254' title='bbox 432 3267 565 3328; x_wconf 85' lang='lat' dir='ltr'>lacriruis</span> <span class='ocrx_word' id='word_1_255' title='bbox 578 3269 687 3330; x_wconf 80' lang='lat' dir='ltr'>litantia</span> <span class='ocrx_word' id='word_1_256' title='bbox 707 3269 788 3332; x_wconf 85' lang='lat' dir='ltr'>bella</span> <span class='ocrx_word' id='word_1_257' title='bbox 799 3270 877 3346; x_wconf 78' lang='lat' dir='ltr'>sule,</span> 
     </span>
     <span class='ocr_line' id='line_1_38' title="bbox 228 3341 960 3426; baseline 0.02 -28"><span class='ocrx_word' id='word_1_258' title='bbox 228 3341 283 3402; x_wconf 90' lang='lat' dir='ltr'>Vel</span> <span class='ocrx_word' id='word_1_259' title='bbox 299 3346 383 3416; x_wconf 90' lang='lat' dir='ltr'>quod</span> <span class='ocrx_word' id='word_1_260' title='bbox 398 3354 463 3406; x_wconf 80' lang='lat' dir='ltr'>erat</span> <span class='ocrx_word' id='word_1_261' title='bbox 477 3349 516 3408; x_wconf 88' lang='lat' dir='ltr'>de</span> <span class='ocrx_word' id='word_1_262' title='bbox 530 3366 580 3410; x_wconf 89' lang='lat' dir='ltr'>me</span> <span class='ocrx_word' id='word_1_263' title='bbox 594 3353 722 3415; x_wconf 79' lang='lat' dir='ltr'>feliciter</span> <span class='ocrx_word' id='word_1_264' title='bbox 733 3353 790 3414; x_wconf 90' lang='lat' dir='ltr'>Ilio</span> <span class='ocrx_word' id='word_1_265' title='bbox 803 3361 909 3426; x_wconf 75' lang='lat' dir='ltr'>malac,</span> <span class='ocrx_word' id='word_1_266' title='bbox 957 3406 960 3413; x_wconf 89' lang='lat'>.</span> 
     </span>
     <span class='ocr_line' id='line_1_39' title="bbox 262 3424 1074 3514; baseline 0.015 -30"><span class='ocrx_word' id='word_1_267' title='bbox 262 3424 330 3484; x_wconf 85' lang='lat' dir='ltr'>Rite</span> <span class='ocrx_word' id='word_1_268' title='bbox 345 3427 448 3487; x_wconf 89' lang='lat' dir='ltr'>colunt</span> <span class='ocrx_word' id='word_1_269' title='bbox 459 3436 573 3514; x_wconf 76' lang='lat' dir='ltr'>inanes</span> <span class='ocrx_word' id='word_1_270' title='bbox 588 3450 678 3497; x_wconf 85' lang='lat' dir='ltr'>sacra</span> <span class='ocrx_word' id='word_1_271' title='bbox 693 3437 836 3511; x_wconf 85' lang='lat' dir='ltr'>diemque</span> <span class='ocrx_word' id='word_1_272' title='bbox 851 3451 963 3499; x_wconf 87' lang='lat' dir='ltr'>meum</span> <span class='ocrx_word' id='word_1_273' title='bbox 1064 3486 1074 3514; x_wconf 59' lang='lat'>;</span> 
     </span>
    </p>
   </div>
   <div class='ocr_carea' id='block_1_3' title="bbox 0 0 1266 4004">
    <p class='ocr_par' dir='ltr' id='par_1_3' title="bbox 0 0 1266 4004">
     <span class='ocr_line' id='line_1_40' title="bbox 0 0 1266 4004; baseline 0 0"><span class='ocrx_word' id='word_1_274' title='bbox 0 0 1266 4004; x_wconf 95' lang='lat' dir='ltr'> </span> 
     </span>
    </p>
   </div>
  </div>
 </body>
</html>
