2454 4004
109 229 172 292 aaa
492 225 748 306 snsuoaun

129 389 182 443 606
195 381 294 454 Regia
307 393 358 439 rcs
375 379 478 439 scelus
492 385 557 440 est!
584 393 698 454 ,socero
714 393 792 454 cape
805 393 901 452 regna
916 385 1039 451 necato,

234 463 273 523 Et
286 469 410 522 nostras
427 463 526 537 patrio
541 461 691 536 sanguine
705 463 810 536 tingue
825 477 934 522 manus
943 466 965 518 ι’

191 545 315 606 Talibus
331 547 492 606 instinctus
508 546 586 606 solio
601 545 739 620 privatus
754 545 784 604 in
799 546 860 606 alto

236 629 375 690 Sederat.
407 629 566 702 attonitum
577 629 689 703 volgus
705 629 746 688 ad
761 643 846 690 anna
858 629 933 689 ruit:

193 712 271 772 Hinc
286 728 392 785 cruor,
407 712 479 772 binc
495 712 625 786 caedes,
641 712 823 787 infirmaque
837 711 969 774 vincitur
982 717 1093 774 actosa

48 849 50 853 .
127 799 180 854 600
237 795 368 871 Sceptra
382 812 477 870 gener
491 809 603 856 socero
617 802 706 872 rapta
720 795 880 871 Superbus
895 795 997 858 habet

191 879 264 955 lpse
278 880 336 940 sub
351 879 516 954 Esquiliis,
530 879 582 940 ubi
598 886 663 939 erat
678 895 735 940 sua
748 881 848 954 regia,
862 895 974 944 caesus

235 963 374 1024 Concidit
389 963 420 1022 in
435 964 512 1024 dura
527 964 778 1038 sanguinulentus
794 963 897 1024 humo.
978 989 981 994 ¹

191 1047 267 1106 Titia
282 1053 428 1122 carpento
444 1047 561 1123 patrios
579 1047 689 1108 initura
704 1053 841 1122 penates,

233 1131 301 1191 lbat
316 1146 372 1206 pcr
385 1125 504 1192 medias
519 1131 580 1190 alta
595 1132 745 1206 feroxque
760 1131 837 1190 vias

125 1207 176 1264 ⁶⁰5
192 1213 313 1289 Corpus
326 1221 360 1275 ut
371 1215 509 1290 aspexit,
525 1214 657 1276 lacrimis
673 1215 778 1288 auriga
793 1213 930 1287 profusis
1000 1246 1004 1250 ·

233 1298 363 1358 Restitit.
393 1299 475 1358 hunc
490 1298 543 1358 tali
562 1298 689 1372 corripit
704 1297 755 1358 illa
770 1312 866 1356 sono:

191 1381 320 1456 ‘Vadis,
336 1397 375 1440 an
391 1388 538 1456 expectas
555 1381 685 1455 pretium
699 1381 821 1456 pietatis
837 1388 994 1442 ammumt

108 1537 112 1542 ·
232 1462 316 1537 Duc,
333 1463 474 1538 inquam,
489 1465 601 1524 invitas
617 1465 687 1538 ipsa
700 1479 757 1538 per
768 1480 823 1524 ora
838 1468 951 1524 rotast’

192 1547 281 1606 Certa
296 1547 376 1607 fides
392 1547 473 1608 iacti.
502 1548 603 1608 dictus
620 1547 794 1608 Sceleratus
811 1546 849 1606 ab
867 1545 919 1608 illa

127 1635 180 1688 610
237 1629 351 1703 Vicus,
366 1638 397 1690 et
410 1638 536 1691 aeterna
549 1647 599 1690 res
616 1645 653 1690 ca
667 1645 779 1705 pressa
793 1637 875 1691 nota.

189 1712 265 1774 Post
276 1719 377 1774 amen
389 1714 449 1774 hoc
462 1731 538 1774 ausa
549 1721 597 1774 est
608 1715 762 1788 templum,
781 1715 967 1774 monimenta
980 1716 1130 1791 parentis,
1220 1751 1221 1796 ι

231 1797 379 1870 Tangere.
408 1798 484 1856 mira
500 1798 639 1873 quidem,
654 1799 713 1858 sed
728 1805 829 1857 tamma
846 1805 915 1858 acta
928 1798 1049 1872 loquar.

191 1877 317 1952 Signum
333 1887 398 1940 crat
411 1883 442 1940 in
457 1882 536 1942 solio
551 1881 692 1942 residens
708 1879 765 1942 sub
780 1882 912 1956 imagine
926 1883 1022 1943 Tulli:

231 1961 348 2023 Dicitur
362 1964 422 2024 hoc
439 1966 537 2025 oculis
553 1966 742 2040 opposuisse
757 1981 888 2028 manum.

122 2043 175 2100 615
189 2044 228 2104 Et
242 2061 306 2106 vox
321 2048 425 2107 audita
439 2055 487 2109 cst
500 2049 623 2109 ‘Voltus
638 2048 818 2110 abscondite
833 2056 966 2123 nostros,

230 2128 275 2188 Nc
290 2137 380 2190 natac
398 2132 522 2192 videant
536 2149 590 2193 ora
604 2132 738 2192 nefanda
752 2138 867 2192 meact'

187 2211 284 2272 Veste
300 2214 372 2274 data
385 2215 505 2290 tegitur.
534 2222 616 2276 vetat
629 2217 708 2276 hanc
721 2215 857 2278 Fortuna
870 2217 996 2290 moveri,

228 2295 266 2354 Et
281 2298 326 2356 sic
341 2314 359 2357 c
373 2301 487 2374 templo
503 2305 551 2359 est
564 2300 635 2375 ipsa
650 2301 752 2360 locuta
773 2316 847 2362 suos

188 2376 262 2436 ‘Ore
276 2382 411 2450 revelato
428 2399 489 2456 qua
503 2384 634 2457 primum
648 2386 717 2444 luce
732 2383 847 2459 patebit

122 2469 175 2522 620
233 2458 377 2535 Servius,
393 2463 470 2524 hacc
487 2467 579 2540 positi
594 2469 693 2541 prima
708 2467 837 2543 pudoris
852 2468 930 2527 erit!

186 2540 319 2620 Parcite,
334 2553 506 2621 matronae,
526 2551 637 2609 vetitas
653 2553 800 2625 attingere
813 2558 934 2610 vestes:

229 2625 376 2688 Sollemni
396 2631 471 2696 satis
487 2638 534 2692 cst
548 2649 627 2695 voce
641 2649 766 2694 movere
780 2650 904 2709 precem

186 2707 292 2784 Sitque
307 2719 399 2788 caput
413 2731 536 2790 semper
549 2717 689 2778 Romano
705 2724 803 2778 tectus
819 2719 938 2791 amictu,

228 2794 284 2868 Qui
299 2811 356 2856 rex
369 2797 400 2857 in
416 2806 522 2860 nostra
537 2803 684 2876 septimus
699 2801 782 2862 Urbe
796 2803 859 2863 luit.

121 2891 171 2944 625
185 2879 314 2940 Arserat
327 2881 388 2941 hoc
401 2884 556 2958 templum.
586 2886 674 2958 signo
690 2891 791 2944 tamen
806 2885 856 2944 illc
869 2885 1009 2960 pepercit

227 2961 321 3036 Ignis.
352 2981 445 3038 opem
461 2975 532 3028 nato
548 2967 697 3028 Mulciber
710 2968 779 3043 ipse
793 2969 869 3029 tulit.

184 3043 324 3118 Namque
344 3055 430 3121 pater
443 3051 520 3109 Tulli
535 3052 707 3122 Volcanus,
725 3049 851 3112 Ocresia
864 3058 962 3110 mater

225 3126 398 3203 Praesignts
414 3132 492 3192 laute
508 3133 710 3195 Corniculana
721 3135 785 3195 luit.

181 3208 270 3270 Hanc
285 3226 388 3272 secum
405 3217 568 3292 Tanaquil,
582 3219 680 3278 sacris
698 3218 738 3279 de
753 3233 838 3280 more
853 3218 997 3293 peractis,

119 3299 171 3354 630
227 3293 322 3355 Iussit
335 3295 365 3354 in
381 3306 520 3360 ornatum
536 3299 665 3362 tundere
679 3302 751 3362 vina
766 3303 878 3363 locum.

181 3373 238 3434 Hic
253 3377 332 3435 iuter
346 3380 465 3440 cineres
481 3382 608 3442 obsceni
623 3386 721 3444 forma
736 3384 831 3446 virilis

222 3459 285 3516 Aut
300 3459 369 3535 luit,
385 3471 438 3523 aut
452 3465 521 3526 visa
535 3474 592 3526 cst.
623 3469 679 3528 sed
694 3468 750 3528 luit
763 3467 816 3531 illa
828 3468 937 3544 magis.
