2520 4012
58 252 60 260 .
164 199 206 264 40
560 195 787 258 TRISTIUM
827 227 830 234 ⁴

289 351 433 430 Spesque
447 350 490 410 tui
507 348 596 410 nobis
611 363 705 408 cansa
721 346 834 422 vigoris
850 347 914 407 erit.

195 447 230 502 aa
241 435 324 511 Ergo
340 451 397 510 ego
414 449 482 494 sum
498 433 608 492 dubius
624 431 718 502 vitae,
740 437 772 494 tu
787 431 915 494 forsitan
929 430 1000 492 istic

288 519 458 580 Iucundum
472 518 569 578 nostri
584 515 689 576 nescia
705 521 825 590 tempus
841 516 930 590 agis?

193 637 195 644 ⁴
244 604 312 665 Non
328 603 409 677 agis,
430 602 568 662 adfirmo.
586 600 681 674 liquet
695 597 770 672 hoc,
791 598 966 672 carissima,
983 597 1083 674 nobe,

287 689 421 762 Tempus
437 686 486 760 agi
501 685 568 744 sine
583 697 631 741 me
647 696 708 740 non
723 681 782 741 nisi
796 683 881 747 triste
895 681 957 742 tibi.
1125 691 1126 694 ’

245 771 278 832 Si
293 777 394 830 tamen
409 768 536 842 inplevit
554 782 623 826 moa
638 780 723 840 sors,
745 780 824 838 quos
845 765 960 840 debuit,
980 779 1089 840 annae,

195 875 231 930 30
286 855 324 914 Et
339 853 411 912 milri
425 850 551 910 vivendi
565 855 626 909 tarn
641 849 700 908 cito
715 848 786 908 linis
803 849 908 910 adest:

244 938 393 1012 Quantum
410 939 489 1007 erat,
510 947 527 992 o
543 932 660 1006 magni,
683 932 827 992 morituro
842 947 986 1007 parcere,
1002 931 1075 1007 divi,

285 1019 326 1080 Ut
340 1019 447 1078 saltem
462 1017 561 1092 patria
576 1015 801 1076 contumularer
815 1013 930 1076 humor

243 1102 302 1163 Vel
317 1117 419 1177 poena
433 1100 463 1159 in
479 1106 598 1174 tempus
613 1097 719 1158 mortis
735 1098 961 1172 dilataluissct,

274 1187 344 1245 ·Vel
360 1184 570 1260 praecepisset
584 1197 667 1242 mors
687 1189 855 1256 properata
870 1182 982 1258 sugam.

193 1285 228 1339 35
243 1268 366 1343 Integer
380 1267 458 1326 hanc
473 1266 559 1340 potui
575 1281 674 1341 nuper
687 1257 767 1326 berie
781 1266 912 1326 reddere
926 1267 1038 1326 lucem:
1077 1319 1079 1324 .

283 1351 362 1412 Exul
378 1358 409 1410 ut
423 1351 610 1423 occiderem,
631 1364 711 1410 nuuc
726 1348 799 1410 mihi
815 1349 876 1410 vita
890 1350 963 1410 data
977 1355 1034 1410 est

241 1436 314 1495 Tam
329 1433 438 1510 procul
453 1433 566 1508 ignotis
581 1433 672 1508 igitur
690 1433 856 1494 moriemur
869 1433 899 1494 in
916 1434 989 1509 oris,

281 1517 320 1578 Et
333 1519 408 1578 fient
420 1518 490 1592 ipso
506 1517 604 1578 tristia
618 1519 681 1578 lata
695 1517 788 1576 locon

241 1603 303 1662 Nec
323 1616 391 1660 mea
406 1606 554 1662 consueto
570 1601 770 1679 languescent
785 1615 918 1676 corpora
931 1601 1035 1662 tector

190 1695 235 1750 40·
274 1685 462 1760 ¹Depositrun
476 1699 533 1744 nec
548 1697 595 1745 me
612 1685 663 1758 qni
677 1682 764 1759 licat,
779 1685 861 1746 ullus
878 1686 956 1745 eritl

241 1768 303 1829 Neo
319 1769 462 1828 dominae
476 1768 609 1828 lacrimis
624 1769 655 1828 in
672 1775 778 1832 nostra
792 1769 971 1832 cadentibus
988 1781 1041 1830 ora

281 1851 443 1912 Accedent
455 1852 574 1914 animae
588 1859 728 1928 tempora
743 1868 839 1928 parva
852 1860 960 1914 meoet

240 1935 303 1994 Nec
317 1935 460 1996 mandata
474 1935 569 2010 dabo,
584 1951 642 1996 nec
657 1951 726 1996 cum
742 1936 875 1998 clamore
889 1950 1032 2012 supremo

240 2063 242 2069 .
281 2015 434 2078 Labeates
450 2021 558 2080 oculos
574 2021 686 2080 condet
700 2021 799 2080 amica
817 2028 948 2081 monost
1049 2087 1054 2092 ,

189 2116 225 2170 45
240 2101 304 2162 Sed
316 2101 383 2160 sine
398 2101 556 2164 funeribus
573 2111 665 2177 caput
679 2102 754 2178 hoc,
771 2103 837 2164 sine
853 2105 972 2166 honore
987 2103 1122 2180 sepulcri

280 2183 507 2260 Indeploratum
523 2185 653 2246 barbara
667 2192 748 2245 terra
763 2193 865 2260 legati

238 2267 372 2342 Ecquid,
388 2274 420 2328 ut
434 2269 585 2343 audieris,
604 2275 667 2329 tota
681 2267 842 2330 turbabere
857 2277 966 2344 mente,

280 2349 318 2410 m
333 2351 425 2410 feries
441 2353 556 2427 pavida
571 2359 696 2427 pectore
715 2353 778 2414 lida
793 2361 904 2414 manui

238 2433 419 2509 Ecquid,in
434 2435 491 2496 has
507 2437 618 2496 trustra
633 2437 762 2500 tendens
778 2437 971 2498 tuaorartrta
984 2443 1099 2514 parles,

186 2527 221 2582 50
276 2517 427 2577 clamabis
442 2519 546 2580 miseri
560 2537 672 2582 amnon
687 2522 777 2580 inune
792 2521 870 2580 viril

236 2601 333 2661 Parce
347 2607 449 2662 tamen
464 2602 601 2664 lacerare
616 2621 728 2679 genas,
748 2620 806 2665 nec
820 2604 936 2666 scinde
953 2604 1096 2682 capillosr

278 2685 345 2745 Non
361 2685 413 2746 tibi
428 2703 508 2752 nunc
522 2689 667 2763 primum,
683 2690 736 2750 lux
750 2705 833 2762 mea,
849 2695 955 2764 raptus
970 2704 1035 2748 ero.

237 2769 312 2830 Cum
326 2771 455 2844 patriam
475 2772 578 2844 amisi,
594 2781 666 2833 tunc
681 2789 729 2832 me
746 2773 875 2848 periisse
890 2779 1004 2848 putato.

281 2851 320 2911 Et
334 2854 419 2927 prior
434 2862 465 2914 et
478 2856 602 2928 gravior
617 2871 698 2916 mors
715 2857 770 2921 iuit
784 2857 835 2916 ilia
849 2855 931 2916 milri.

185 2945 220 3000 ⁵5
233 2937 329 3009 Nunc,
342 2938 369 2995 si
381 2937 459 2996 loric
470 2945 600 3013 polea...
614 2941 670 3000 scd
683 2957 744 3001 non
756 2947 861 3018 potes,
880 2939 995 3016 optima
1006 2938 1175 3000 coniunx...

218 3068 235 3078 ..
279 3017 386 3078 Finitis
401 3022 502 3094 gaude
517 3027 561 3082 lot
575 3023 647 3082 milri
662 3031 760 3086 morte
774 3025 873 3084 malls.
935 3037 946 3052 ³

237 3101 326 3177 Quod
341 3109 447 3178 potes,
462 3106 595 3166 extenua
609 3108 679 3168 iorti
694 3109 774 3168 mala
790 3107 884 3168 corde
898 3107 1036 3180 serendo,

277 3185 328 3246 Ad
344 3202 424 3262 quae
438 3189 617 3265 iampridem
632 3209 693 3252 non
708 3193 785 3252 rude
799 3199 909 3268 pectus
924 3191 1030 3252 habes.

235 3270 340 3342 Atque
354 3270 470 3332 utinam
485 3282 611 3349 pereant
625 3277 746 3336 animae
759 3291 830 3336 cum
850 3291 982 3354 corpore
996 3279 1133 3348 nostrae,

183 3357 219 3413 60
276 3349 471 3430 Effugiatque
486 3356 596 3417 avidos
612 3375 684 3434 pars
699 3358 772 3418 mihi
787 3360 872 3432 nulla
885 3375 990 3435 rogos.

234 3435 311 3496 Nam
326 3436 353 3496 si
367 3444 466 3500 morte
481 3455 589 3501 carens
604 3459 703 3504 vacua
716 3443 802 3506 volat
815 3443 894 3505 altus
912 3442 943 3504 in
958 3455 1032 3504 aura
