2524 4004
130 126 196 220 1⁸4
523 115 583 178 ax
605 115 750 178 rouro
773 132 775 136 ν

252 270 325 348 Ipsa
337 275 439 338 brnen
453 267 549 328 virtus
565 266 673 329 ordine
686 265 783 336 maior
798 267 862 336 erit.

209 355 277 416 Non
292 359 386 430 negat
397 352 457 416 boc
472 351 589 427 Hister,
605 350 691 412 cuius
706 357 758 411 tuo
773 352 900 416 dextera
915 349 1074 430 quondam
1117 391 1119 396 ,

143 451 196 505 ab
250 437 414 500 Punicearn
434 435 539 495 Getico
561 434 711 512 sanguine
726 435 797 497 lecit
811 452 933 514 aquarn.
1027 452 1030 454 ·

207 523 275 585 Non
288 525 381 596 negat
393 519 543 596 Aegisos
563 533 643 593 quae
658 525 687 578 te
702 519 851 595 subeunte
867 529 993 598 recepta

251 605 355 666 Sensit
368 604 399 664 in
413 603 536 680 ingenio
551 602 593 662 nil
607 602 678 676 opis
692 615 764 666 esse
784 602 854 666 loci.
1004 679 1006 684 .
1249 625 1250 688 p

207 686 574 768 Nam,dubiunr,positu
587 685 696 746 meiius
712 686 842 749 detensa
855 702 996 764 manuve,
1249 689 1250 724 l

249 772 331 834 Urbs
347 778 412 831 erat
425 772 456 831 in
471 784 591 832 summo
606 768 737 832 nubibus
754 786 854 852 aequa
868 773 985 848 iugo*
1045 823 1047 825 .
1239 727 1250 872 i

159 865 194 918 25
209 855 348 918 Sithonio
362 854 428 930 regi
442 855 526 934 ierus
540 853 744 934 interceperat
757 855 840 914 illam

249 937 362 1014 Hostis
371 945 401 998 et
415 943 538 1015 ereptas
552 938 651 999 victor
663 937 796 1000 habebat
812 954 899 1014 opes.
943 941 945 944 ’

207 1023 314 1085 Donec
329 1021 475 1083 fluminea
488 1021 619 1083 devecta
632 1021 775 1086 Vitellius
789 1023 875 1084 unda

249 1107 369 1184 Inlulit,
381 1105 523 1184 exposito
538 1105 647 1188 milite,
663 1105 752 1180 signa
768 1106 862 1168 Getis.
1047 1180 1050 1184 ,

212 1191 330 1266 dttibi,
345 1189 510 1266 progenies
526 1189 578 1252 alti
592 1189 760 1250 fortissima
773 1189 894 1266 Domni,
1103 1219 1144 1240 -·
1249 1211 1250 1268 j

158 1275 194 1332 ab
249 1275 341 1335 Venit
355 1273 386 1334 in
401 1274 552 1336 adversos
567 1273 699 1350 irnpetus
714 1275 760 1335 ire
773 1274 869 1338 viros.
1249 1285 1250 1288 ’

206 1359 271 1420 Neo
284 1373 385 1431 mora,
408 1357 702 1434 conspicuuslonge
716 1357 902 1436 fulgentibus
917 1359 1019 1437 armis,

132 1443 133 1446 ’
246 1441 349 1504 Fortia
362 1457 401 1502 ne
415 1441 537 1517 possint
551 1442 632 1501 lacta
645 1440 755 1518 latere,
771 1457 874 1516 caves,
1089 1509 1092 1514 ,
1249 1487 1250 1512 2

207 1522 388 1602 Ingentique
401 1525 500 1601 gradu
515 1531 620 1584 contre
634 1525 810 1604 ferrumque
829 1527 995 1606 locumque
1116 1583 1117 1586 ,
1249 1547 1250 1566 ³

250 1607 396 1684 Saxaque
409 1607 540 1671 brumali
553 1607 702 1691 grandine
716 1612 806 1686 plura
820 1609 916 1672 subis.
1150 1610 1155 1618 '

157 1702 192 1758 35
204 1693 268 1753 Nec
282 1699 312 1753 te
329 1693 426 1753 missa
440 1707 534 1768 super
547 1692 715 1758 iaculorum
728 1692 818 1756 turba
831 1700 973 1770 moratur,

172 1816 173 1820 =
249 1775 312 1836 Nec
328 1791 408 1852 quae
421 1776 549 1852 vipereo
563 1777 625 1837 tela
641 1792 752 1838 cruore
765 1777 900 1840 madent.
928 1851 930 1855 ¹
1011 1837 1012 1840 ,

209 1857 336 1935 Spicula
350 1873 419 1920 eum
433 1857 523 1936 pictis
538 1859 665 1920 haerent
678 1857 710 1920 in
726 1860 849 1922 casside
863 1861 975 1940 pinnis,
1091 1915 1103 1931 .,

249 1942 389 2018 Parsque
402 1943 467 2002 fere
482 1943 559 2003 scuti
573 1943 703 2005 vulnere
716 1945 800 2005 nulia
813 1944 912 2005 uacat.

207 2026 270 2086 Nec
285 2039 399 2104 corpus
415 2032 541 2098 cunctos
556 2025 685 2088 feliciter
700 2025 808 2104 effugit
819 2027 917 2092 ictus=
987 2077 990 2080 .
1031 2030 1034 2038 ’

108 2163 116 2175 ,
159 2115 194 2172 40
250 2108 312 2170 Sed
326 2108 426 2171 minor
440 2117 488 2170 est
502 2107 565 2172 acri
579 2109 679 2172 laudis
695 2127 800 2173 amore
814 2112 912 2174 dolor.
962 2119 963 2122 ’

207 2192 296 2253 Talis·
304 2194 387 2268 apud
399 2193 520 2255 lboiam
534 2192 649 2256 Danais
662 2209 720 2269 pro
735 2193 866 2268 navibus
880 2193 961 2258 Aiax

247 2274 364 2338 Dicitur
377 2275 545 2340 Hectoreas
566 2278 752 2342 sustinuisse
765 2280 861 2341 faces.
951 2307 952 2310 ¹

98 2363 99 2366 ’
206 2358 246 2421 Ut
265 2361 394 2439 propius
406 2368 531 2424 ventruu
546 2367 609 2436 est,
625 2361 812 2438 admotaque
831 2363 958 2436 dextera
973 2363 1111 2440 dextrae,

247 2442 373 2518 Resque
388 2444 453 2506 lero
468 2445 566 2522 potuit
581 2445 753 2508 comminus
767 2446 930 2522 enscgcri,

157 2538 192 2594 45
206 2525 316 2588 Dicere
331 2525 455 2594 difficile
470 2534 532 2603 est,
549 2528 623 2603 quid
637 2527 721 2591 Mars
735 2538 806 2594 tuus
821 2529 916 2605 egerit
929 2529 999 2605 illic,

247 2610 388 2686 Quotque
402 2611 470 2672 neci
485 2611 625 2688 dederiS,
641 2628 800 2691 quosque,
817 2613 992 2693 quibusque
1006 2610 1121 2674 modis.

205 2693 290 2756 Ense
302 2702 356 2756 tuo
371 2695 470 2756 factos
485 2695 628 2758 calcabas
645 2698 744 2760 victor
758 2711 898 2771 acervos,

246 2779 448 2856 inpositoque
464 2779 555 2842 Getes
571 2779 629 2841 sub
643 2782 725 2856 pede
738 2781 852 2842 multus
867 2785 942 2842 erat.
1059 2849 1061 2852 ,

205 2859 323 2936 Pugnat
337 2861 378 2922 ad
392 2864 565 2938 exemplum
579 2864 669 2939 primi
682 2863 782 2926 minor
794 2865 902 2926 ordine
914 2864 978 2940 pili,
1036 2931 1038 2936 ¹

155 2953 191 3006 50
244 2944 401 3020 Multaque
414 2946 473 3008 sert
486 2947 573 3008 miles
588 2951 731 3023 vulnera,
747 2949 841 3010 mulla
854 2946 950 3012 facit..

207 3025 271 3088 Sed
287 3032 403 3090 tanturn
417 3029 513 3091 virtus
529 3029 607 3091 alios
622 3037 674 3094 tua
689 3033 836 3115 praeterit
849 3045 967 3106 ornnes
983 3031 984 3034 ’
1031 3077 1034 3084 .

245 3110 326 3172 Ante
342 3111 419 3174 citos
434 3120 580 3190 quantum
593 3113 730 3190 Pegasus
742 3114 809 3194 ibat
823 3128 934 3191 equos.

204 3191 347 3255 Vincitur
358 3194 503 3278 Aegisos.
533 3199 704 3275 testataque
719 3205 840 3276 tempus
853 3195 886 3261 in
902 3209 993 3259 omne

249 3275 326 3337 Sunt
340 3284 404 3352 tua,
417 3279 568 3356 Vestalis,
584 3282 717 3342 carmine
732 3283 813 3346 lacta
825 3293 907 3342 meo.
927 3287 930 3292 ·
1035 3282 1043 3338 ζ
1118 3291 1124 3294 ’
1149 3285 1150 3292 ’
