<?xml version="1.0" encoding="UTF-8"?>
<!DOCTYPE html PUBLIC "-//W3C//DTD XHTML 1.0 Transitional//EN"
    "http://www.w3.org/TR/xhtml1/DTD/xhtml1-transitional.dtd">
<html xmlns="http://www.w3.org/1999/xhtml" xml:lang="en" lang="en">
 <head>
  <title>
</title>
<meta http-equiv="Content-Type" content="text/html;charset=utf-8" />
  <meta name='ocr-system' content='tesseract 3.04.00' />
  <meta name='ocr-capabilities' content='ocr_page ocr_carea ocr_par ocr_line ocrx_word'/>
</head>
<body>
  <div class='ocr_page' id='page_1' title='image "./povidiusnaso01merkgoog_0225.png"; bbox 0 0 2524 4004; ppageno 0'>
   <div class='ocr_carea' id='block_1_1' title="bbox 148 217 852 316">
    <p class='ocr_par' dir='ltr' id='par_1_1' title="bbox 148 217 852 332">
     <span class='ocr_line' id='line_1_1' title="bbox 148 217 852 316; baseline -0.017 0"><span class='ocrx_word' id='word_1_1' title='bbox 148 252 213 316; x_wconf 80' lang='grc'>333</span> <span class='ocrx_word' id='word_1_2' title='bbox 525 217 787 310; x_wconf 79' lang='lat' dir='ltr'><strong>&#39;rnsronnn</strong></span> <span class='ocrx_word' id='word_1_3' title='bbox 834 233 852 310; x_wconf 73' lang='grc'>,’</span> 
     </span>
    </p>
   </div>
   <div class='ocr_carea' id='block_1_2' title="bbox 127 395 1255 3564">
    <p class='ocr_par' dir='ltr' id='par_1_2' title="bbox 127 395 1255 3564">
     <span class='ocr_line' id='line_1_2' title="bbox 234 395 1069 477; baseline -0.005 -13"><span class='ocrx_word' id='word_1_4' title='bbox 234 403 302 477; x_wconf 84' lang='lat' dir='ltr'>An,</span> <span class='ocrx_word' id='word_1_5' title='bbox 319 401 391 476; x_wconf 88' lang='lat' dir='ltr'><strong>quia</strong></span> <span class='ocrx_word' id='word_1_6' title='bbox 405 399 568 475; x_wconf 88' lang='lat' dir='ltr'><strong>praevisos</strong></span> <span class='ocrx_word' id='word_1_7' title='bbox 583 399 616 463; x_wconf 92' lang='lat' dir='ltr'><strong>in</strong></span> <span class='ocrx_word' id='word_1_8' title='bbox 629 413 711 471; x_wconf 87' lang='lat' dir='ltr'><strong>aqua</strong></span> <span class='ocrx_word' id='word_1_9' title='bbox 725 397 810 457; x_wconf 88' lang='lat' dir='ltr'><strong>timet</strong></span> <span class='ocrx_word' id='word_1_10' title='bbox 825 395 927 457; x_wconf 87' lang='lat' dir='ltr'><strong>hostia</strong></span> <span class='ocrx_word' id='word_1_11' title='bbox 941 398 1069 474; x_wconf 84' lang='grc'>3313333,</span> 
     </span>
     <span class='ocr_line' id='line_1_3' title="bbox 166 480 896 560; baseline -0.012 -13"><span class='ocrx_word' id='word_1_12' title='bbox 166 480 168 485; x_wconf 71' lang='grc'><strong>’</strong></span> <span class='ocrx_word' id='word_1_13' title='bbox 277 488 306 546; x_wconf 83' lang='grc' dir='ltr'><strong>Α</strong></span> <span class='ocrx_word' id='word_1_14' title='bbox 320 484 443 560; x_wconf 87' lang='lat' dir='ltr'><strong>pecoris</strong></span> <span class='ocrx_word' id='word_1_15' title='bbox 458 485 512 543; x_wconf 91' lang='lat' dir='ltr'>lux</span> <span class='ocrx_word' id='word_1_16' title='bbox 528 481 660 554; x_wconf 82' lang='lat' dir='ltr'><strong>esctpsa</strong></span> <span class='ocrx_word' id='word_1_17' title='bbox 675 486 779 540; x_wconf 90' lang='lat' dir='ltr'><strong>notata</strong></span> <span class='ocrx_word' id='word_1_18' title='bbox 793 486 896 540; x_wconf 70' lang='lat' dir='ltr'><strong>metui</strong></span> 
     </span>
     <span class='ocr_line' id='line_1_4' title="bbox 231 563 880 638; baseline -0.014 -9"><span class='ocrx_word' id='word_1_19' title='bbox 231 563 294 630; x_wconf 81' lang='lat' dir='ltr'>Fas</span> <span class='ocrx_word' id='word_1_20' title='bbox 309 567 414 638; x_wconf 87' lang='lat' dir='ltr'><strong>etiam,</strong></span> <span class='ocrx_word' id='word_1_21' title='bbox 431 566 498 626; x_wconf 88' lang='lat' dir='ltr'><strong>lieri</strong></span> <span class='ocrx_word' id='word_1_22' title='bbox 513 565 613 625; x_wconf 88' lang='lat' dir='ltr'><strong>solitis</strong></span> <span class='ocrx_word' id='word_1_23' title='bbox 629 569 729 623; x_wconf 89' lang='lat' dir='ltr'><strong>aetate</strong></span> <span class='ocrx_word' id='word_1_24' title='bbox 743 563 880 637; x_wconf 77' lang='lat' dir='ltr'>priorum</span> 
     </span>
     <span class='ocr_line' id='line_1_5' title="bbox 175 645 925 722; baseline -0.015 -8"><span class='ocrx_word' id='word_1_25' title='bbox 175 661 228 714; x_wconf 87' lang='grc'>330</span> <span class='ocrx_word' id='word_1_26' title='bbox 283 651 413 711; x_wconf 87' lang='lat' dir='ltr'><strong>Nomina</strong></span> <span class='ocrx_word' id='word_1_27' title='bbox 427 650 466 709; x_wconf 89' lang='lat' dir='ltr'>de</span> <span class='ocrx_word' id='word_1_28' title='bbox 481 649 561 708; x_wconf 86' lang='lat' dir='ltr'><strong>ludis</strong></span> <span class='ocrx_word' id='word_1_29' title='bbox 577 647 695 706; x_wconf 87' lang='lat' dir='ltr'><strong>Graeca</strong></span> <span class='ocrx_word' id='word_1_30' title='bbox 708 645 816 722; x_wconf 83' lang='lat' dir='ltr'><strong>tulisse</strong></span> <span class='ocrx_word' id='word_1_31' title='bbox 832 646 925 718; x_wconf 86' lang='lat' dir='ltr'><strong>diem.</strong></span> 
     </span>
     <span class='ocr_line' id='line_1_6' title="bbox 232 728 938 817; baseline -0.009 -22"><span class='ocrx_word' id='word_1_32' title='bbox 232 733 270 795; x_wconf 84' lang='lat' dir='ltr'>Et</span> <span class='ocrx_word' id='word_1_33' title='bbox 284 749 381 817; x_wconf 86' lang='lat' dir='ltr'><strong>pecus</strong></span> <span class='ocrx_word' id='word_1_34' title='bbox 396 730 539 806; x_wconf 84' lang='lat' dir='ltr'><strong>antiquus</strong></span> <span class='ocrx_word' id='word_1_35' title='bbox 554 728 676 788; x_wconf 87' lang='lat' dir='ltr'><strong>dicebat</strong></span> <span class='ocrx_word' id='word_1_36' title='bbox 689 729 811 808; x_wconf 81' lang='lat' dir='ltr'>Agonia</span> <span class='ocrx_word' id='word_1_37' title='bbox 826 744 938 789; x_wconf 88' lang='lat' dir='ltr'><strong>sermo.</strong></span> 
     </span>
     <span class='ocr_line' id='line_1_7' title="bbox 275 810 932 890; baseline -0.006 -14"><span class='ocrx_word' id='word_1_38' title='bbox 275 810 420 890; x_wconf 84' lang='lat' dir='ltr'><strong>veraque</strong></span> <span class='ocrx_word' id='word_1_39' title='bbox 434 813 546 873; x_wconf 87' lang='lat' dir='ltr'><strong>iudicio</strong></span> <span class='ocrx_word' id='word_1_40' title='bbox 563 819 611 872; x_wconf 89' lang='lat' dir='ltr'>est</span> <span class='ocrx_word' id='word_1_41' title='bbox 623 811 729 872; x_wconf 86' lang='lat' dir='ltr'><strong>ultima</strong></span> <span class='ocrx_word' id='word_1_42' title='bbox 743 827 838 872; x_wconf 86' lang='lat' dir='ltr'><strong>causa</strong></span> <span class='ocrx_word' id='word_1_43' title='bbox 853 827 932 872; x_wconf 91' lang='lat' dir='ltr'><strong>meo.</strong></span> 
     </span>
     <span class='ocr_line' id='line_1_8' title="bbox 232 895 1125 976; baseline -0.005 -15"><span class='ocrx_word' id='word_1_44' title='bbox 232 901 334 976; x_wconf 87' lang='lat' dir='ltr'>thue</span> <span class='ocrx_word' id='word_1_45' title='bbox 348 914 385 959; x_wconf 91' lang='lat' dir='ltr'>ea</span> <span class='ocrx_word' id='word_1_46' title='bbox 399 913 461 958; x_wconf 90' lang='lat' dir='ltr'>non</span> <span class='ocrx_word' id='word_1_47' title='bbox 476 903 559 956; x_wconf 88' lang='lat' dir='ltr'><strong>certa</strong></span> <span class='ocrx_word' id='word_1_48' title='bbox 573 902 635 967; x_wconf 91' lang='lat' dir='ltr'><strong>est,</strong></span> <span class='ocrx_word' id='word_1_49' title='bbox 651 896 693 954; x_wconf 92' lang='lat' dir='ltr'>ita</span> <span class='ocrx_word' id='word_1_50' title='bbox 706 911 761 955; x_wconf 89' lang='lat' dir='ltr'>rex</span> <span class='ocrx_word' id='word_1_51' title='bbox 777 895 901 969; x_wconf 89' lang='lat' dir='ltr'><strong>placare</strong></span> <span class='ocrx_word' id='word_1_52' title='bbox 917 909 1125 976; x_wconf 82' lang='lat' dir='ltr'><strong>sacrorum</strong></span> 
     </span>
     <span class='ocr_line' id='line_1_9' title="bbox 276 979 919 1054; baseline -0.005 -12"><span class='ocrx_word' id='word_1_53' title='bbox 276 983 406 1045; x_wconf 80' lang='lat' dir='ltr'><strong>Numina</strong></span> <span class='ocrx_word' id='word_1_54' title='bbox 419 981 574 1054; x_wconf 80' lang='lat' dir='ltr'>lanigerae</span> <span class='ocrx_word' id='word_1_55' title='bbox 589 979 724 1052; x_wconf 79' lang='lat' dir='ltr'><strong>coniuge</strong></span> <span class='ocrx_word' id='word_1_56' title='bbox 734 979 825 1038; x_wconf 89' lang='lat' dir='ltr'><strong>debet</strong></span> <span class='ocrx_word' id='word_1_57' title='bbox 840 980 919 1040; x_wconf 90' lang='lat' dir='ltr'><strong>ovis.</strong></span> 
     </span>
     <span class='ocr_line' id='line_1_10' title="bbox 169 1056 1083 1142; baseline -0.004 -16"><span class='ocrx_word' id='word_1_58' title='bbox 169 1056 221 1126; x_wconf 97' lang='grc'>335</span> <span class='ocrx_word' id='word_1_59' title='bbox 235 1067 377 1142; x_wconf 88' lang='lat' dir='ltr'><strong>Victima,</strong></span> <span class='ocrx_word' id='word_1_60' title='bbox 392 1079 473 1140; x_wconf 88' lang='lat' dir='ltr'><strong>quac</strong></span> <span class='ocrx_word' id='word_1_61' title='bbox 488 1063 598 1125; x_wconf 91' lang='lat' dir='ltr'><strong>cecidit</strong></span> <span class='ocrx_word' id='word_1_62' title='bbox 613 1063 721 1122; x_wconf 86' lang='lat' dir='ltr'><strong>dextra</strong></span> <span class='ocrx_word' id='word_1_63' title='bbox 734 1062 874 1136; x_wconf 87' lang='lat' dir='ltr'><strong>uictrice,</strong></span> <span class='ocrx_word' id='word_1_64' title='bbox 889 1071 1031 1124; x_wconf 84' lang='lat' dir='ltr'><strong>vocatur·</strong></span> <span class='ocrx_word' id='word_1_65' title='bbox 1082 1095 1083 1098; x_wconf 61' lang='lat'><em>=</em></span> 
     </span>
     <span class='ocr_line' id='line_1_11' title="bbox 275 1145 955 1212; baseline -0.006 -2"><span class='ocrx_word' id='word_1_66' title='bbox 275 1149 423 1212; x_wconf 86' lang='lat' dir='ltr'>Hostibus</span> <span class='ocrx_word' id='word_1_67' title='bbox 438 1164 457 1207; x_wconf 90' lang='lat' dir='ltr'>a</span> <span class='ocrx_word' id='word_1_68' title='bbox 472 1147 595 1207; x_wconf 88' lang='lat' dir='ltr'><strong>domitis</strong></span> <span class='ocrx_word' id='word_1_69' title='bbox 609 1145 712 1206; x_wconf 89' lang='lat' dir='ltr'><strong>hostia</strong></span> <span class='ocrx_word' id='word_1_70' title='bbox 725 1157 839 1206; x_wconf 89' lang='lat' dir='ltr'><strong>nomen</strong></span> <span class='ocrx_word' id='word_1_71' title='bbox 853 1146 955 1206; x_wconf 86' lang='lat' dir='ltr'><strong>habet.</strong></span> 
     </span>
     <span class='ocr_line' id='line_1_12' title="bbox 232 1229 1001 1308; baseline -0.008 -13"><span class='ocrx_word' id='word_1_72' title='bbox 232 1235 327 1307; x_wconf 87' lang='lat' dir='ltr'>Ante,</span> <span class='ocrx_word' id='word_1_73' title='bbox 344 1237 421 1294; x_wconf 87' lang='lat' dir='ltr'><strong>deos</strong></span> <span class='ocrx_word' id='word_1_74' title='bbox 437 1231 550 1292; x_wconf 88' lang='lat' dir='ltr'><strong>homini</strong></span> <span class='ocrx_word' id='word_1_75' title='bbox 568 1231 653 1304; x_wconf 86' lang='lat' dir='ltr'><strong>quod</strong></span> <span class='ocrx_word' id='word_1_76' title='bbox 668 1229 833 1291; x_wconf 90' lang='lat' dir='ltr'><strong>conciliare</strong></span> <span class='ocrx_word' id='word_1_77' title='bbox 848 1231 1001 1308; x_wconf 86' lang='lat' dir='ltr'><strong>valeret,</strong></span> 
     </span>
     <span class='ocr_line' id='line_1_13' title="bbox 164 1313 851 1390; baseline 0 -16"><span class='ocrx_word' id='word_1_78' title='bbox 164 1369 166 1374; x_wconf 81' lang='grc'>,</span> <span class='ocrx_word' id='word_1_79' title='bbox 275 1317 334 1378; x_wconf 84' lang='lat' dir='ltr'>Far</span> <span class='ocrx_word' id='word_1_80' title='bbox 349 1323 414 1378; x_wconf 89' lang='lat' dir='ltr'><strong>erat</strong></span> <span class='ocrx_word' id='word_1_81' title='bbox 428 1323 458 1376; x_wconf 88' lang='lat' dir='ltr'>et</span> <span class='ocrx_word' id='word_1_82' title='bbox 473 1332 540 1390; x_wconf 89' lang='lat' dir='ltr'>pun</span> <span class='ocrx_word' id='word_1_83' title='bbox 533 1314 657 1374; x_wconf 89' lang='lat' dir='ltr'><strong>&#39;lucida</strong></span> <span class='ocrx_word' id='word_1_84' title='bbox 672 1313 751 1372; x_wconf 90' lang='lat' dir='ltr'><strong>mica</strong></span> <span class='ocrx_word' id='word_1_85' title='bbox 766 1314 851 1374; x_wconf 86' lang='grc'>33113.</span> 
     </span>
     <span class='ocr_line' id='line_1_14' title="bbox 127 1378 1027 1479; baseline 0 -19"><span class='ocrx_word' id='word_1_86' title='bbox 127 1417 132 1422; x_wconf 92' lang='grc'><em>·</em></span> <span class='ocrx_word' id='word_1_87' title='bbox 233 1401 375 1462; x_wconf 89' lang='lat' dir='ltr'><strong>Nondum</strong></span> <span class='ocrx_word' id='word_1_88' title='bbox 388 1401 554 1479; x_wconf 89' lang='lat' dir='ltr'><strong>pertulerat</strong></span> <span class='ocrx_word' id='word_1_89' title='bbox 569 1397 705 1458; x_wconf 90' lang='lat' dir='ltr'><strong>lacrimat</strong></span> <span class='ocrx_word' id='word_1_90' title='bbox 693 1403 741 1458; x_wconf 89' lang='lat' dir='ltr'>tas</span> <span class='ocrx_word' id='word_1_91' title='bbox 757 1378 870 1462; x_wconf 85' lang='lat' dir='ltr'><strong>cortice</strong></span> <span class='ocrx_word' id='word_1_92' title='bbox 885 1399 1027 1476; x_wconf 77' lang='lat' dir='ltr'><strong>myrrhas</strong></span> 
     </span>
     <span class='ocr_line' id='line_1_15' title="bbox 168 1481 1255 1559; baseline -0.008 -9"><span class='ocrx_word' id='word_1_93' title='bbox 168 1494 221 1550; x_wconf 84' lang='grc'>340</span> <span class='ocrx_word' id='word_1_94' title='bbox 276 1483 354 1545; x_wconf 85' lang='grc' dir='ltr'>Α333</span> <span class='ocrx_word' id='word_1_95' title='bbox 370 1499 425 1559; x_wconf 91' lang='lat' dir='ltr'>per</span> <span class='ocrx_word' id='word_1_96' title='bbox 440 1498 612 1556; x_wconf 89' lang='lat' dir='ltr'><strong>aequoreas</strong></span> <span class='ocrx_word' id='word_1_97' title='bbox 627 1481 752 1558; x_wconf 75' lang='lat' dir='ltr'><strong>hospita</strong></span> <span class='ocrx_word' id='word_1_98' title='bbox 766 1483 854 1542; x_wconf 85' lang='lat' dir='ltr'><strong>navis</strong></span> <span class='ocrx_word' id='word_1_99' title='bbox 870 1497 976 1558; x_wconf 86' lang='lat' dir='ltr'><strong>aquas,</strong></span> <span class='ocrx_word' id='word_1_100' title='bbox 1120 1549 1123 1554; x_wconf 21' lang='lat'><strong>¹</strong></span> <span class='ocrx_word' id='word_1_101' title='bbox 1254 1527 1255 1556; x_wconf 76' lang='lat'><strong>,</strong></span> 
     </span>
     <span class='ocr_line' id='line_1_16' title="bbox 206 1557 1255 1642; baseline -0.001 -16"><span class='ocrx_word' id='word_1_102' title='bbox 206 1591 211 1602; x_wconf 90' lang='lat'><strong>·</strong></span> <span class='ocrx_word' id='word_1_103' title='bbox 232 1568 312 1628; x_wconf 86' lang='lat' dir='ltr'><strong>Tura</strong></span> <span class='ocrx_word' id='word_1_104' title='bbox 326 1583 383 1627; x_wconf 89' lang='lat' dir='ltr'>nee</span> <span class='ocrx_word' id='word_1_105' title='bbox 397 1567 584 1642; x_wconf 77' lang='lat' dir='ltr'><strong>Euphrates,</strong></span> <span class='ocrx_word' id='word_1_106' title='bbox 601 1581 658 1625; x_wconf 90' lang='lat' dir='ltr'>nec</span> <span class='ocrx_word' id='word_1_107' title='bbox 672 1566 799 1634; x_wconf 86' lang='lat' dir='ltr'><strong>miserat</strong></span> <span class='ocrx_word' id='word_1_108' title='bbox 811 1565 898 1626; x_wconf 83' lang='lat' dir='ltr'><strong>India</strong></span> <span class='ocrx_word' id='word_1_109' title='bbox 913 1573 1040 1640; x_wconf 86' lang='lat' dir='ltr'><strong>costum,</strong></span> <span class='ocrx_word' id='word_1_110' title='bbox 1136 1589 1138 1595; x_wconf 35' lang='lat'>⁸</span> <span class='ocrx_word' id='word_1_111' title='bbox 1161 1601 1164 1607; x_wconf 92' lang='lat'>·</span> <span class='ocrx_word' id='word_1_112' title='bbox 1254 1557 1255 1580; x_wconf 65' lang='lat'>¹</span> 
     </span>
     <span class='ocr_line' id='line_1_17' title="bbox 273 1649 1255 1724; baseline -0.003 -14"><span class='ocrx_word' id='word_1_113' title='bbox 273 1651 335 1712; x_wconf 89' lang='lat' dir='ltr'>Nec</span> <span class='ocrx_word' id='word_1_114' title='bbox 351 1653 471 1711; x_wconf 51' lang='lat' dir='ltr'>¹nerant</span> <span class='ocrx_word' id='word_1_115' title='bbox 483 1649 567 1710; x_wconf 86' lang='lat' dir='ltr'><strong>rubri</strong></span> <span class='ocrx_word' id='word_1_116' title='bbox 583 1650 705 1724; x_wconf 77' lang='lat' dir='ltr'><strong>cognita</strong></span> <span class='ocrx_word' id='word_1_117' title='bbox 719 1649 772 1710; x_wconf 87' lang='grc'>313</span> <span class='ocrx_word' id='word_1_118' title='bbox 787 1650 879 1709; x_wconf 89' lang='lat' dir='ltr'><strong>croci.</strong></span> <span class='ocrx_word' id='word_1_119' title='bbox 949 1704 954 1720; x_wconf 79' lang='lat'><strong>,</strong></span> <span class='ocrx_word' id='word_1_120' title='bbox 1084 1657 1085 1660; x_wconf 74' lang='grc'>’</span> <span class='ocrx_word' id='word_1_121' title='bbox 1254 1659 1255 1670; x_wconf 71' lang='grc'>’</span> 
     </span>
     <span class='ocr_line' id='line_1_18' title="bbox 231 1733 942 1805; baseline -0.004 -9"><span class='ocrx_word' id='word_1_122' title='bbox 231 1735 295 1796; x_wconf 84' lang='grc' dir='ltr'>Α33</span> <span class='ocrx_word' id='word_1_123' title='bbox 309 1734 431 1796; x_wconf 88' lang='lat' dir='ltr'><strong>dabati</strong></span> <span class='ocrx_word' id='word_1_124' title='bbox 429 1749 518 1796; x_wconf 88' lang='grc'>33333</span> <span class='ocrx_word' id='word_1_125' title='bbox 533 1733 637 1793; x_wconf 84' lang='lat' dir='ltr'><strong>herbis</strong></span> <span class='ocrx_word' id='word_1_126' title='bbox 651 1739 795 1794; x_wconf 89' lang='lat' dir='ltr'><strong>contenta</strong></span> <span class='ocrx_word' id='word_1_127' title='bbox 810 1733 942 1805; x_wconf 84' lang='lat' dir='ltr'><strong>Sabinis,</strong></span> 
     </span>
     <span class='ocr_line' id='line_1_19' title="bbox 273 1809 945 1903; baseline 0.001 -27"><span class='ocrx_word' id='word_1_128' title='bbox 273 1819 311 1878; x_wconf 85' lang='lat' dir='ltr'>Et</span> <span class='ocrx_word' id='word_1_129' title='bbox 329 1835 390 1880; x_wconf 92' lang='lat' dir='ltr'>non</span> <span class='ocrx_word' id='word_1_130' title='bbox 410 1815 520 1903; x_wconf 77' lang='lat' dir='ltr'><strong>exigito</strong></span> <span class='ocrx_word' id='word_1_131' title='bbox 535 1809 645 1879; x_wconf 80' lang='lat' dir='ltr'><strong>laurus</strong></span> <span class='ocrx_word' id='word_1_132' title='bbox 661 1817 771 1878; x_wconf 83' lang='lat' dir='ltr'><strong>adusta</strong></span> <span class='ocrx_word' id='word_1_133' title='bbox 786 1833 875 1878; x_wconf 91' lang='lat' dir='ltr'><strong>sono.</strong></span> <span class='ocrx_word' id='word_1_134' title='bbox 942 1871 945 1892; x_wconf 70' lang='lat'><strong>,</strong></span> 
     </span>
     <span class='ocr_line' id='line_1_20' title="bbox 168 1885 1015 2003; baseline 0 -43"><span class='ocrx_word' id='word_1_135' title='bbox 168 1885 220 2003; x_wconf 89' lang='grc'>345</span> <span class='ocrx_word' id='word_1_136' title='bbox 236 1891 340 1977; x_wconf 84' lang='lat' dir='ltr'><strong>Siquis</strong></span> <span class='ocrx_word' id='word_1_137' title='bbox 356 1908 434 1974; x_wconf 87' lang='lat' dir='ltr'><strong>erat,</strong></span> <span class='ocrx_word' id='word_1_138' title='bbox 442 1900 539 1962; x_wconf 87' lang='grc'>333133</span> <span class='ocrx_word' id='word_1_139' title='bbox 556 1901 634 1977; x_wconf 86' lang='lat' dir='ltr'><strong>prati</strong></span> <span class='ocrx_word' id='word_1_140' title='bbox 650 1902 689 1960; x_wconf 91' lang='lat' dir='ltr'>de</span> <span class='ocrx_word' id='word_1_141' title='bbox 703 1899 781 1960; x_wconf 84' lang='lat' dir='ltr'><strong>flore</strong></span> <span class='ocrx_word' id='word_1_142' title='bbox 796 1901 961 1965; x_wconf 85' lang='lat' dir='ltr'><strong>coronis</strong></span> <span class='ocrx_word' id='word_1_143' title='bbox 1013 1933 1015 1936; x_wconf 94' lang='lat'>-</span> 
     </span>
     <span class='ocr_line' id='line_1_21' title="bbox 276 1985 909 2061; baseline -0.002 -16"><span class='ocrx_word' id='word_1_144' title='bbox 276 1986 332 2060; x_wconf 78' lang='lat' dir='ltr'><strong>Qui</strong></span> <span class='ocrx_word' id='word_1_145' title='bbox 348 1992 457 2061; x_wconf 88' lang='lat' dir='ltr'><strong>posset</strong></span> <span class='ocrx_word' id='word_1_146' title='bbox 472 1985 570 2044; x_wconf 91' lang='lat' dir='ltr'><strong>violas</strong></span> <span class='ocrx_word' id='word_1_147' title='bbox 586 1985 715 2057; x_wconf 86' lang='lat' dir='ltr'><strong>addere,</strong></span> <span class='ocrx_word' id='word_1_148' title='bbox 732 1985 819 2044; x_wconf 88' lang='lat' dir='ltr'><strong>dives</strong></span> <span class='ocrx_word' id='word_1_149' title='bbox 835 1991 909 2044; x_wconf 88' lang='lat' dir='ltr'><strong>erat.</strong></span> 
     </span>
     <span class='ocr_line' id='line_1_22' title="bbox 127 2068 1099 2146; baseline -0.004 -17"><span class='ocrx_word' id='word_1_150' title='bbox 127 2101 129 2104; x_wconf 95' lang='lat'>·</span> <span class='ocrx_word' id='word_1_151' title='bbox 232 2069 304 2142; x_wconf 89' lang='lat' dir='ltr'><strong>Hic,</strong></span> <span class='ocrx_word' id='word_1_152' title='bbox 322 2068 993 2166; x_wconf 78' lang='lat' dir='ltr'><strong>qurprincaperrtpercussrviscerataurr</strong></span> <span class='ocrx_word' id='word_1_153' title='bbox 1043 2092 1044 2096; x_wconf 40' lang='lat'>¹</span> <span class='ocrx_word' id='word_1_154' title='bbox 1097 2087 1099 2093; x_wconf 65' lang='grc'>’</span> 
     </span>
     <span class='ocr_line' id='line_1_23' title="bbox 275 2141 952 2228; baseline 0 -16"><span class='ocrx_word' id='word_1_155' title='bbox 275 2153 309 2212; x_wconf 96' lang='lat' dir='ltr'>In</span> <span class='ocrx_word' id='word_1_156' title='bbox 324 2141 421 2212; x_wconf 84' lang='lat' dir='ltr'><strong>sa&#39;ons</strong></span> <span class='ocrx_word' id='word_1_157' title='bbox 417 2141 554 2212; x_wconf 86' lang='lat' dir='ltr'><strong>nullum</strong></span> <span class='ocrx_word' id='word_1_158' title='bbox 570 2148 666 2212; x_wconf 85' lang='lat' dir='ltr'><strong>culter</strong></span> <span class='ocrx_word' id='word_1_159' title='bbox 679 2151 811 2212; x_wconf 90' lang='lat' dir='ltr'><strong>habebat</strong></span> <span class='ocrx_word' id='word_1_160' title='bbox 826 2167 952 2228; x_wconf 76' lang='grc'>3333..</span> 
     </span>
     <span class='ocr_line' id='line_1_24' title="bbox 232 2235 1051 2311; baseline 0.001 -16"><span class='ocrx_word' id='word_1_161' title='bbox 232 2235 343 2296; x_wconf 88' lang='lat' dir='ltr'><strong>Prima</strong></span> <span class='ocrx_word' id='word_1_162' title='bbox 348 2237 450 2296; x_wconf 85' lang='lat' dir='ltr'><strong>Ceres</strong></span> <span class='ocrx_word' id='word_1_163' title='bbox 448 2236 567 2296; x_wconf 90' lang='lat' dir='ltr'><strong>avidae</strong></span> <span class='ocrx_word' id='word_1_164' title='bbox 580 2237 690 2310; x_wconf 77' lang='lat' dir='ltr'><strong>gavisa</strong></span> <span class='ocrx_word' id='word_1_165' title='bbox 704 2243 752 2296; x_wconf 93' lang='lat' dir='ltr'>est</span> <span class='ocrx_word' id='word_1_166' title='bbox 766 2236 914 2309; x_wconf 81' lang='lat' dir='ltr'><strong>sanguine</strong></span> <span class='ocrx_word' id='word_1_167' title='bbox 928 2251 1051 2311; x_wconf 83' lang='lat' dir='ltr'><strong>porcae,</strong></span> 
     </span>
     <span class='ocr_line' id='line_1_25' title="bbox 169 2320 1024 2394; baseline -0.006 -12"><span class='ocrx_word' id='word_1_168' title='bbox 169 2331 222 2386; x_wconf 88' lang='grc'>353</span> <span class='ocrx_word' id='word_1_169' title='bbox 278 2321 347 2380; x_wconf 83' lang='grc'>11133</span> <span class='ocrx_word' id='word_1_170' title='bbox 366 2335 444 2380; x_wconf 90' lang='lat' dir='ltr'><strong>suas·</strong></span> <span class='ocrx_word' id='word_1_171' title='bbox 454 2320 560 2380; x_wconf 89' lang='lat' dir='ltr'><strong>merita</strong></span> <span class='ocrx_word' id='word_1_172' title='bbox 575 2321 671 2380; x_wconf 90' lang='lat' dir='ltr'><strong>caede</strong></span> <span class='ocrx_word' id='word_1_173' title='bbox 686 2321 825 2380; x_wconf 87' lang='lat' dir='ltr'><strong>nocentis</strong></span> <span class='ocrx_word' id='word_1_174' title='bbox 841 2335 929 2394; x_wconf 90' lang='lat' dir='ltr'><strong>opes.</strong></span> <span class='ocrx_word' id='word_1_175' title='bbox 1022 2379 1024 2386; x_wconf 58' lang='lat'><strong>,</strong></span> 
     </span>
     <span class='ocr_line' id='line_1_26' title="bbox 172 2395 1022 2468; baseline -0.008 0"><span class='ocrx_word' id='word_1_176' title='bbox 172 2463 174 2468; x_wconf 89' lang='lat'><em>.</em></span> <span class='ocrx_word' id='word_1_177' title='bbox 231 2404 307 2462; x_wconf 89' lang='lat' dir='ltr'>Nam</span> <span class='ocrx_word' id='word_1_178' title='bbox 323 2409 390 2464; x_wconf 89' lang='grc'>3333</span> <span class='ocrx_word' id='word_1_179' title='bbox 404 2416 477 2462; x_wconf 85' lang='lat' dir='ltr'><strong>vere</strong></span> <span class='ocrx_word' id='word_1_180' title='bbox 491 2418 572 2463; x_wconf 94' lang='lat' dir='ltr'><strong>novo</strong></span> <span class='ocrx_word' id='word_1_181' title='bbox 588 2403 701 2463; x_wconf 89' lang='lat' dir='ltr'><strong>teneris</strong></span> <span class='ocrx_word' id='word_1_182' title='bbox 717 2404 859 2463; x_wconf 82' lang='lat' dir='ltr'><strong>lactentia</strong></span> <span class='ocrx_word' id='word_1_183' title='bbox 880 2403 982 2466; x_wconf 70' lang='lat' dir='ltr'><strong>sucisl</strong></span> <span class='ocrx_word' id='word_1_184' title='bbox 1019 2395 1022 2404; x_wconf 84' lang='grc'><strong>’</strong></span> 
     </span>
     <span class='ocr_line' id='line_1_27' title="bbox 274 2486 1244 2562; baseline 0.004 -18"><span class='ocrx_word' id='word_1_185' title='bbox 274 2486 367 2546; x_wconf 79' lang='grc'>133333</span> <span class='ocrx_word' id='word_1_186' title='bbox 382 2487 552 2560; x_wconf 81' lang='lat' dir='ltr'><strong>saetigerae</strong></span> <span class='ocrx_word' id='word_1_187' title='bbox 567 2487 716 2562; x_wconf 89' lang='lat' dir='ltr'><strong>comperit</strong></span> <span class='ocrx_word' id='word_1_188' title='bbox 730 2501 783 2546; x_wconf 92' lang='lat' dir='ltr'>ore</span> <span class='ocrx_word' id='word_1_189' title='bbox 799 2487 1244 2548; x_wconf 85' lang='grc'>3313..</span> 
     </span>
     <span class='ocr_line' id='line_1_28' title="bbox 232 2566 1179 2649; baseline -0.005 -18"><span class='ocrx_word' id='word_1_190' title='bbox 232 2569 294 2631; x_wconf 87' lang='lat' dir='ltr'>Sus</span> <span class='ocrx_word' id='word_1_191' title='bbox 315 2570 441 2630; x_wconf 90' lang='lat' dir='ltr'><strong>dederat</strong></span> <span class='ocrx_word' id='word_1_192' title='bbox 456 2585 584 2644; x_wconf 91' lang='lat' dir='ltr'><strong>poenas.</strong></span> <span class='ocrx_word' id='word_1_193' title='bbox 611 2570 760 2645; x_wconf 83' lang='lat' dir='ltr'><strong>Exemplo</strong></span> <span class='ocrx_word' id='word_1_194' title='bbox 776 2569 898 2630; x_wconf 86' lang='lat' dir='ltr'><strong>territus</strong></span> <span class='ocrx_word' id='word_1_195' title='bbox 913 2569 1011 2629; x_wconf 89' lang='lat' dir='ltr'><strong>huius</strong></span> <span class='ocrx_word' id='word_1_196' title='bbox 1071 2566 1072 2572; x_wconf 75' lang='grc'>’</span> <span class='ocrx_word' id='word_1_197' title='bbox 1174 2638 1179 2649; x_wconf 37' lang='grc'>,</span> 
     </span>
     <span class='ocr_line' id='line_1_29' title="bbox 275 2651 904 2730; baseline -0.002 -19"><span class='ocrx_word' id='word_1_198' title='bbox 275 2651 399 2728; x_wconf 84' lang='lat' dir='ltr'><strong>Palmite</strong></span> <span class='ocrx_word' id='word_1_199' title='bbox 414 2653 567 2713; x_wconf 84' lang='lat' dir='ltr'><strong>debueras</strong></span> <span class='ocrx_word' id='word_1_200' title='bbox 584 2653 784 2726; x_wconf 90' lang='lat' dir='ltr'><strong>abstinuisse,</strong></span> <span class='ocrx_word' id='word_1_201' title='bbox 802 2667 904 2730; x_wconf 90' lang='lat' dir='ltr'><strong>caper</strong></span> 
     </span>
     <span class='ocr_line' id='line_1_30' title="bbox 170 2723 1118 2833; baseline -0.004 -35"><span class='ocrx_word' id='word_1_202' title='bbox 170 2742 221 2798; x_wconf 89' lang='grc'>355</span> <span class='ocrx_word' id='word_1_203' title='bbox 239 2727 352 2812; x_wconf 79' lang='lat' dir='ltr'><strong>Quem</strong></span> <span class='ocrx_word' id='word_1_204' title='bbox 349 2742 493 2814; x_wconf 84' lang='lat' dir='ltr'><strong>spectans</strong></span> <span class='ocrx_word' id='word_1_205' title='bbox 502 2723 633 2833; x_wconf 75' lang='lat' dir='ltr'><strong>aliquis(</strong></span> <span class='ocrx_word' id='word_1_206' title='bbox 637 2737 767 2798; x_wconf 90' lang='lat' dir='ltr'><strong>dentes</strong></span> <span class='ocrx_word' id='word_1_207' title='bbox 760 2753 790 2796; x_wconf 87' lang='grc'>33</span> <span class='ocrx_word' id='word_1_208' title='bbox 805 2737 867 2796; x_wconf 85' lang='lat' dir='ltr'><strong>vite</strong></span> <span class='ocrx_word' id='word_1_209' title='bbox 881 2741 1118 2819; x_wconf 82' lang='lat' dir='ltr'><strong>prementem,</strong></span> 
     </span>
     <span class='ocr_line' id='line_1_31' title="bbox 140 2817 879 2882; baseline -0.001 -3"><span class='ocrx_word' id='word_1_210' title='bbox 140 2843 143 2847; x_wconf 89' lang='lat'>·</span> <span class='ocrx_word' id='word_1_211' title='bbox 275 2821 359 2881; x_wconf 86' lang='lat' dir='ltr'><strong>Talia</strong></span> <span class='ocrx_word' id='word_1_212' title='bbox 373 2837 435 2881; x_wconf 90' lang='grc'>333</span> <span class='ocrx_word' id='word_1_213' title='bbox 449 2821 541 2880; x_wconf 89' lang='grc'>333333</span> <span class='ocrx_word' id='word_1_214' title='bbox 562 2821 623 2882; x_wconf 89' lang='lat' dir='ltr'><strong>dict</strong></span> <span class='ocrx_word' id='word_1_215' title='bbox 611 2827 642 2881; x_wconf 89' lang='lat' dir='ltr'>ta</span> <span class='ocrx_word' id='word_1_216' title='bbox 657 2821 765 2882; x_wconf 92' lang='lat' dir='ltr'><strong>dolore</strong></span> <span class='ocrx_word' id='word_1_217' title='bbox 780 2817 879 2880; x_wconf 81' lang='lat' dir='ltr'><strong>dedit:</strong></span> 
     </span>
     <span class='ocr_line' id='line_1_32' title="bbox 234 2857 1227 3018; baseline -0.006 -52"><span class='ocrx_word' id='word_1_218' title='bbox 234 2904 349 2976; x_wconf 76' lang='lat' dir='ltr'><strong>‘Rode,</strong></span> <span class='ocrx_word' id='word_1_219' title='bbox 367 2920 468 2988; x_wconf 88' lang='lat' dir='ltr'><strong>caper,</strong></span> <span class='ocrx_word' id='word_1_220' title='bbox 472 2905 592 2964; x_wconf 87' lang='lat' dir='ltr'><strong>vitem!</strong></span> <span class='ocrx_word' id='word_1_221' title='bbox 608 2912 710 2964; x_wconf 89' lang='lat' dir='ltr'><strong>tamen</strong></span> <span class='ocrx_word' id='word_1_222' title='bbox 723 2905 804 2978; x_wconf 85' lang='lat' dir='ltr'><strong>hinc,</strong></span> <span class='ocrx_word' id='word_1_223' title='bbox 821 2918 858 2963; x_wconf 88' lang='lat' dir='ltr'>cr</span> <span class='ocrx_word' id='word_1_224' title='bbox 860 2857 1008 3018; x_wconf 63' lang='grc'>3333331333</span> <span class='ocrx_word' id='word_1_225' title='bbox 1015 2900 1056 2961; x_wconf 91' lang='lat' dir='ltr'>ad</span> <span class='ocrx_word' id='word_1_226' title='bbox 1071 2892 1227 2977; x_wconf 83' lang='lat' dir='ltr'><strong>aram,</strong></span> 
     </span>
     <span class='ocr_line' id='line_1_33' title="bbox 274 2919 1055 3083; baseline -0.001 -37"><span class='ocrx_word' id='word_1_227' title='bbox 274 2987 309 3046; x_wconf 91' lang='lat' dir='ltr'>ln</span> <span class='ocrx_word' id='word_1_228' title='bbox 323 2994 384 3047; x_wconf 89' lang='lat' dir='ltr'>tua</span> <span class='ocrx_word' id='word_1_229' title='bbox 383 2976 487 3061; x_wconf 91' lang='lat' dir='ltr'><strong>quod</strong></span> <span class='ocrx_word' id='word_1_230' title='bbox 494 2989 598 3063; x_wconf 80' lang='lat' dir='ltr'><strong>spargi</strong></span> <span class='ocrx_word' id='word_1_231' title='bbox 614 3003 731 3048; x_wconf 81' lang='lat' dir='ltr'><strong>cornua</strong></span> <span class='ocrx_word' id='word_1_232' title='bbox 744 2919 932 3083; x_wconf 51' lang='grc' dir='ltr'>3333333Π13</span> <span class='ocrx_word' id='word_1_233' title='bbox 876 2987 952 3046; x_wconf 86' lang='lat' dir='ltr'><strong>orit’</strong></span> <span class='ocrx_word' id='word_1_234' title='bbox 1034 3003 1036 3009; x_wconf 71' lang='grc'>’</span> <span class='ocrx_word' id='word_1_235' title='bbox 1053 3013 1055 3018; x_wconf 34' lang='lat' dir='ltr'>v</span> 
     </span>
     <span class='ocr_line' id='line_1_34' title="bbox 234 3042 1039 3145; baseline -0.004 -16"><span class='ocrx_word' id='word_1_236' title='bbox 234 3068 338 3130; x_wconf 90' lang='lat' dir='ltr'><strong>Verba</strong></span> <span class='ocrx_word' id='word_1_237' title='bbox 352 3042 431 3130; x_wconf 76' lang='lat' dir='ltr'><strong>fides</strong></span> <span class='ocrx_word' id='word_1_238' title='bbox 446 3072 591 3145; x_wconf 75' lang='lat' dir='ltr'><strong>sequutus.</strong></span> <span class='ocrx_word' id='word_1_239' title='bbox 622 3087 722 3132; x_wconf 88' lang='lat' dir='ltr'><strong>noxae</strong></span> <span class='ocrx_word' id='word_1_240' title='bbox 735 3070 789 3130; x_wconf 90' lang='lat' dir='ltr'><strong>tibi</strong></span> <span class='ocrx_word' id='word_1_241' title='bbox 804 3071 926 3130; x_wconf 81' lang='lat' dir='ltr'><strong>deditus</strong></span> <span class='ocrx_word' id='word_1_242' title='bbox 940 3049 1039 3129; x_wconf 88' lang='lat' dir='ltr'><strong>hostis</strong></span> 
     </span>
     <span class='ocr_line' id='line_1_35' title="bbox 167 3151 970 3230; baseline -0.009 -10"><span class='ocrx_word' id='word_1_243' title='bbox 167 3166 221 3221; x_wconf 88' lang='grc'>363</span> <span class='ocrx_word' id='word_1_244' title='bbox 276 3151 435 3230; x_wconf 81' lang='lat' dir='ltr'><strong>Spargitur</strong></span> <span class='ocrx_word' id='word_1_245' title='bbox 449 3155 503 3213; x_wconf 91' lang='lat' dir='ltr'>adl</span> <span class='ocrx_word' id='word_1_246' title='bbox 492 3156 560 3216; x_wconf 87' lang='grc'>1333</span> <span class='ocrx_word' id='word_1_247' title='bbox 577 3155 706 3230; x_wconf 85' lang='lat' dir='ltr'><strong>cornua,</strong></span> <span class='ocrx_word' id='word_1_248' title='bbox 721 3151 858 3227; x_wconf 86' lang='grc' dir='ltr'>Β333133,</span> <span class='ocrx_word' id='word_1_249' title='bbox 874 3168 970 3223; x_wconf 85' lang='lat' dir='ltr'><strong>mero.</strong></span> 
     </span>
     <span class='ocr_line' id='line_1_36' title="bbox 234 3231 1067 3318; baseline -0.005 -21"><span class='ocrx_word' id='word_1_250' title='bbox 234 3236 330 3318; x_wconf 78' lang='lat' dir='ltr'><strong>Culpa</strong></span> <span class='ocrx_word' id='word_1_251' title='bbox 344 3238 391 3298; x_wconf 90' lang='lat' dir='ltr'><strong>sni</strong></span> <span class='ocrx_word' id='word_1_252' title='bbox 405 3239 518 3300; x_wconf 88' lang='lat' dir='ltr'><strong>nocuit.</strong></span> <span class='ocrx_word' id='word_1_253' title='bbox 547 3239 651 3300; x_wconf 89' lang='lat' dir='ltr'><strong>nocuit</strong></span> <span class='ocrx_word' id='word_1_254' title='bbox 665 3253 790 3314; x_wconf 87' lang='lat' dir='ltr'><strong>quoque</strong></span> <span class='ocrx_word' id='word_1_255' title='bbox 806 3237 898 3313; x_wconf 89' lang='lat' dir='ltr'><strong>culpa</strong></span> <span class='ocrx_word' id='word_1_256' title='bbox 914 3231 1067 3312; x_wconf 73' lang='grc' dir='ltr'>3333113θὲ</span> 
     </span>
     <span class='ocr_line' id='line_1_37' title="bbox 273 3320 1048 3397; baseline -0.003 -19"><span class='ocrx_word' id='word_1_257' title='bbox 273 3320 351 3393; x_wconf 85' lang='lat' dir='ltr'><strong>Quid</strong></span> <span class='ocrx_word' id='word_1_258' title='bbox 368 3321 440 3392; x_wconf 83' lang='lat' dir='ltr'><strong>boe,</strong></span> <span class='ocrx_word' id='word_1_259' title='bbox 461 3322 534 3396; x_wconf 90' lang='lat' dir='ltr'><strong>quid</strong></span> <span class='ocrx_word' id='word_1_260' title='bbox 554 3323 700 3397; x_wconf 84' lang='lat' dir='ltr'><strong>placidae</strong></span> <span class='ocrx_word' id='word_1_261' title='bbox 710 3321 935 3382; x_wconf 80' lang='lat' dir='ltr'><strong>commeruistis</strong></span> <span class='ocrx_word' id='word_1_262' title='bbox 950 3324 1048 3381; x_wconf 77' lang='grc'>33333</span> 
     </span>
     <span class='ocr_line' id='line_1_38' title="bbox 156 3402 1053 3480; baseline -0.003 -17"><span class='ocrx_word' id='word_1_263' title='bbox 156 3465 158 3470; x_wconf 71' lang='grc'>,</span> <span class='ocrx_word' id='word_1_264' title='bbox 231 3402 339 3464; x_wconf 84' lang='lat' dir='ltr'><strong>Flebat</strong></span> <span class='ocrx_word' id='word_1_265' title='bbox 351 3404 525 3476; x_wconf 82' lang='lat' dir='ltr'><strong>Aristaeus,</strong></span> <span class='ocrx_word' id='word_1_266' title='bbox 544 3407 628 3480; x_wconf 89' lang='lat' dir='ltr'><strong>quod</strong></span> <span class='ocrx_word' id='word_1_267' title='bbox 643 3421 718 3480; x_wconf 88' lang='lat' dir='ltr'><strong>apes</strong></span> <span class='ocrx_word' id='word_1_268' title='bbox 734 3421 803 3466; x_wconf 89' lang='lat' dir='ltr'>cum</span> <span class='ocrx_word' id='word_1_269' title='bbox 818 3405 914 3480; x_wconf 88' lang='lat' dir='ltr'><strong>stirpe</strong></span> <span class='ocrx_word' id='word_1_270' title='bbox 929 3408 1053 3464; x_wconf 77' lang='lat' dir='ltr'><strong>necatas</strong></span> 
     </span>
     <span class='ocr_line' id='line_1_39' title="bbox 270 3485 861 3564; baseline 0 -19"><span class='ocrx_word' id='word_1_271' title='bbox 270 3485 423 3548; x_wconf 87' lang='lat' dir='ltr'><strong>Viderat</strong></span> <span class='ocrx_word' id='word_1_272' title='bbox 416 3489 861 3564; x_wconf 66' lang='grc'>3333333333(1331333333333333.</span> 
     </span>
    </p>
   </div>
   <div class='ocr_carea' id='block_1_3' title="bbox 0 0 1266 4004">
    <p class='ocr_par' dir='ltr' id='par_1_3' title="bbox 0 0 1266 4004">
     <span class='ocr_line' id='line_1_40' title="bbox 0 0 1266 4004; baseline 0 0"><span class='ocrx_word' id='word_1_273' title='bbox 0 0 1266 4004; x_wconf 95' lang='lat' dir='ltr'> </span> 
     </span>
    </p>
   </div>
  </div>
 </body>
</html>
