2454 4004
372 303 374 309 ¹
415 219 417 222 ’
449 229 698 306 Ι5115114.
957 263 961 268 -
1030 233 1094 296 1111

164 380 272 443 Servat
285 379 558 458 uterquedomum.
585 383 709 445 domino
721 385 1091 462 quoquclidusuterquez

94 476 147 528 140
201 467 338 544 conpita
351 475 437 542 grata
452 467 521 540 deo,
544 469 675 544 compita
689 476 775 544 grata
790 469 867 528 caui.

161 551 320 628 Exagitaut
334 557 364 610 et
377 551 436 612 Lar
450 559 480 611 et
494 551 583 612 turba
596 551 703 612 Diania
717 554 816 614 lures=

200 632 444 708 pervigilantque
458 634 567 702 Lares,
591 635 834 711 pervigilantque
849 651 951 696 canes.

160 718 237 778 Bina
251 718 446 792 gemellorum
463 719 646 791 quaerebam
662 719 750 794 sigua
764 721 898 793 deorum,

202 802 325 862 Viribus
341 816 478 862 annosae
494 801 573 860 lacta
588 802 705 862 caduca
719 819 837 864 moraes
1084 869 1087 874 ¹

96 893 147 946 145
161 885 243 952 Mille
256 885 351 946 Lares
366 884 554 958 Geniumque
569 884 673 959 duale,
697 887 749 960 qul
765 885 889 946 tradidit
902 886 980 958 illos,

166 1003 168 1010 ι
202 968 283 1026 Urbs
298 967 403 1040 habet,
422 968 524 1026 civici
539 967 662 1028 numina
676 970 754 1029 trina
768 971 879 1030 colunt.

162 1051 228 1124 Quo
245 1049 346 1108 ierorr
367 1051 525 1124 Augustus
540 1053 656 1111 mensis
673 1053 745 1112 milri
761 1053 902 1114 carminis
918 1051 1008 1126 huius

202 1134 252 1192 Ius
267 1131 367 1192 habet.
395 1133 514 1191 Interea
528 1133 605 1192 Diva
622 1137 760 1196 canenda
774 1137 861 1196 Boua
876 1143 932 1197 est.

161 1216 216 1290 Est
229 1217 325 1277 moles
341 1216 442 1276 nativa
455 1217 536 1276 loco.
566 1232 617 1290 res
632 1219 755 1278 nomina
770 1221 854 1279 lecit=
943 1253 944 1257 =
1053 1291 1058 1302 ἱ

96 1309 149 1362 1511
201 1300 367 1374 Appellant
381 1297 505 1359 Saxum.
535 1315 608 1373 pars
622 1300 705 1360 bona
718 1302 829 1362 montis
845 1317 881 1362 ea
896 1309 952 1362 est.

162 1383 239 1443 Huic
252 1383 365 1454 Remus
382 1383 530 1443 institerat
544 1384 663 1458 frustra,
681 1401 741 1458 quo
755 1392 894 1461 tempore
909 1383 992 1446 fratri

202 1466 302 1527 Prima
315 1467 467 1526 Palatinae
483 1467 570 1541 signa
586 1467 713 1528 dedistis
728 1484 813 1528 aves.

160 1551 288 1626 Templa
299 1549 403 1610 Patres
417 1551 477 1610 illic
493 1551 601 1612 oculos
616 1566 713 1612 exosa
728 1553 829 1613 viriles

202 1633 323 1693 Leniter
336 1634 443 1694 acclini
457 1635 641 1706 constituere
655 1634 737 1709 iugo.
1033 1695 1036 1700 ,

73 1745 76 1749 ·
93 1723 144 1782 155
159 1717 288 1777 Dedicat
302 1716 378 1778 liaeo
392 1717 505 1778 veleris
521 1719 699 1778 Clausorum
715 1717 845 1779 nominis
860 1717 961 1791 heres,
1024 1723 1025 1728 ’

204 1801 351 1875 Virginea
367 1801 480 1861 nullum
496 1817 625 1876 corpore
640 1817 735 1877 passa
749 1803 856 1860 virum.

159 1885 249 1944 ¹Livia
262 1884 405 1957 restituit,
422 1900 460 1943 ne
474 1900 535 1944 non
551 1886 665 1945 imitata
680 1884 817 1944 maritum

204 1969 295 2027 Esset
309 1973 339 2028 et
353 1983 391 2027 ex
407 1968 488 2028 omni
502 1977 588 2044 parte
605 1975 710 2030 secuta
724 1967 832 2029 virum.

468 2101 496 2163 2
521 2098 701 2180 [ssrrvuq

161 2217 290 2278 Postera
304 2233 372 2278 cum
385 2226 506 2280 roseam
521 2220 619 2295 pulsis
633 2219 819 2296 Hyperionis
835 2218 925 2278 astris

96 2310 147 2365 160
203 2302 236 2360 In
250 2302 403 2362 matutinis
417 2301 561 2377 lampada
574 2303 650 2364 tollit
664 2304 761 2377 equis,

161 2383 302 2460 Frigidus
316 2393 453 2461 argestes
470 2401 604 2448 summas
619 2385 762 2446 mulcebit
776 2385 896 2457 aristas,

205 2468 404 2544 Candidaque
419 2485 437 2528 a
452 2468 586 2528 Calabris
603 2469 672 2527 vela
686 2468 838 2529 dabuntur
852 2467 951 2540 aquis.

161 2552 202 2610 At
215 2551 302 2612 simul
318 2552 462 2612 inducent
477 2552 607 2613 obscura
622 2552 806 2626 crepuscula
819 2557 948 2624 noctem,

201 2634 276 2695 Pars
290 2635 432 2712 Hyadum
447 2642 510 2696 toto
530 2637 569 2694 de
583 2650 676 2709 grege
691 2636 774 2694 nulla
787 2635 869 2694 latet.

96 2726 145 2781 165
161 2716 221 2776 015
235 2719 346 2778 micant
358 2719 447 2778 Tauri
463 2725 580 2794 septem
593 2718 742 2778 radiantia
756 2717 896 2791 1151511115,
933 2745 936 2751 Δ

202 2801 309 2860 Navita
324 2817 400 2875 quas
415 2803 542 2878 Hyadas
558 2802 666 2863 Graius
681 2800 719 2860 ab
735 2801 831 2862 imbre
844 2807 944 2861 vocat.

161 2883 234 2943 Pars
248 2885 402 2948 Bacchum
418 2887 551 2948 nutrisse
566 2890 659 2959 putat.
688 2901 762 2960 pars
778 2883 907 2945 credidit
921 2899 993 2946 esse

122 2998 127 3016 .
201 2965 335 3044 Tethyos
351 2969 407 3029 has
422 2977 530 3043 neptes
546 2967 722 3042 Oceanique
737 2968 834 3045 senis,

161 3050 301 3111 Nondum
317 3051 416 3112 stabat
429 3055 515 3112 Atlas
531 3053 677 3132 humeros
693 3060 836 3112 oneratus
850 3052 985 3126 olympo,

99 3139 150 3194 170
204 3134 277 3193 Cum
290 3142 377 3195 satus
393 3141 441 3195 est
454 3137 551 3195 forma
567 3135 805 3210 conspiciendus
819 3135 915 3209 Hyas.

161 3215 248 3276 Hunc
262 3219 355 3301 stirps
373 3217 485 3279 Oceani
499 3219 625 3280 maturis
641 3218 763 3278 nixibus
777 3218 894 3278 Aethra

200 3298 317 3376 Edidit,
339 3310 370 3362 et
384 3303 546 3380 nymphas.
575 3302 632 3362 sed
648 3302 731 3377 prior
746 3309 830 3364 ortus
845 3299 941 3375 Hyas.

161 3382 237 3443 llum
252 3401 333 3447 nova
347 3385 459 3460 lanugo
475 3392 535 3460 est,
559 3385 692 3461 pavidos
708 3385 870 3446 formidine
885 3397 996 3442 cervos

126 3485 129 3488 ·
199 3466 314 3544 Terret,
330 3475 360 3529 et
375 3476 422 3530 est
437 3468 478 3527 illi
493 3469 610 3545 praeda
624 3469 756 3543 benigna
769 3467 869 3542 lepus.
890 3521 894 3526 ,
