2520 4012
431 245 433 249 .
538 179 763 244 TRISTI'UM
862 231 866 240 .

268 339 324 413 Qui
340 336 432 396 medo
449 335 488 393 de
503 331 605 400 multis
625 348 704 393 unus
721 337 751 392 ct
765 333 840 394 alter
853 340 950 393 erant.

117 431 120 437 '
225 423 311 484 Uxor
325 434 431 478 amans
448 413 572 475 flentem
586 413 665 476 flens
680 418 781 476 acrius
798 417 869 491 ipsu
881 415 1013 492 tenebat,

267 503 367 564 imbre
380 503 437 576 per
450 499 591 574 indignas
607 514 706 574 usque
723 501 971 574 cadentegenas.

224 589 301 649 Nata
314 586 422 662 procul
435 581 559 658 Libycis
576 581 681 642 aberat
695 582 819 644 diversa
832 582 889 644 sub
907 583 979 659 eris,

176 683 211 736 πο
267 671 330 732 Nec
344 675 463 745 peterat
478 665 530 726 sati
546 665 657 725 certior
672 680 745 726 esse
762 666 832 726 mei.

226 757 425 831 Quocumque
440 749 611 824 aspiceres,
629 749 729 810 luctus
744 749 937 826 gemitusque
953 749 1111 823 sonabant,

267 839 440 910 Fermaque
453 847 516 892 nnn
533 831 615 890 taciti
630 833 745 894 funeris
763 834 843 894 intus
861 840 935 892 crat.
1042 887 1045 892 ,

175 917 177 922 ’
226 922 351 982 Femina
363 919 474 992 virque
488 929 571 989 meo,
587 916 675 990 pueri
690 932 814 993 qunque
829 918 936 977 sunere
950 924 1098 980 maerent:

269 1005 365 1080 Inque
380 1001 472 1061 dome
488 997 630 1066 lacrimas
648 1001 779 1076 angulus
794 1001 893 1061 amnis
908 1000 1009 1062 habet.

178 1097 213 1152 25
230 1088 262 1150 Si
277 1088 348 1148 licet
365 1083 514 1159 exemplis
528 1083 560 1142 in
574 1097 673 1166 parve
688 1084 855 1159 grandibus
869 1084 922 1158 uti,

267 1172 351 1232 Haec
366 1169 462 1235 iacies
477 1164 598 1241 ticine,
614 1181 683 1228 cum
698 1175 872 1244 caperetur,
888 1172 961 1228 erat.

226 1256 351 1330 iamque
369 1249 568 1328 quiescebant
580 1265 676 1312 voces
691 1250 909 1326 hominumque
924 1265 1106 1326 canumque,

267 1339 414 1412 Lunaque
429 1341 595 1396 nocturnes
611 1335 672 1394 alta
684 1333 813 1410 regebat
827 1351 936 1410 equos.
1034 1388 1036 1392 .

228 1422 314 1482 Hanc
329 1435 387 1495 ege
403 1419 577 1495 suspiciens
593 1423 624 1478 et
639 1419 677 1478 ab
693 1418 752 1478 hac
766 1419 917 1494 Capitolia
930 1433 1068 1491 cernens,

178 1515 214 1570 30
270 1506 353 1579 Quae
369 1510 475 1564 nestro
489 1501 720 1564 frustraiunctu
735 1503 821 1562 fuere
835 1503 901 1577 lari,
1003 1575 1006 1588 1
1092 1555 1093 1558 ,

203 1599 205 1604 ’
228 1587 368 1650 ‘Numina
378 1586 487 1648 vicinis
500 1584 669 1646 habitantia
682 1585 836 1660 sedens,
851 1586 976 1662 inquam
1052 1629 1055 1634 -
1092 1643 1096 1648 .

269 1672 394 1746 Iamque
408 1670 505 1730 cerdis
520 1685 687 1744 numquam
702 1670 815 1745 tempta
826 1669 959 1730 videnda
973 1666 1059 1742 meis,

227 1754 328 1830 Dique
342 1753 547 1830 relinquendi,
564 1768 645 1828 quos
661 1751 735 1814 urbs
749 1759 831 1813 tenet
845 1755 906 1814 alta
920 1751 1042 1826 Quirini,

267 1837 341 1899 Este
355 1837 476 1898 salutati
490 1844 609 1912 tempus
625 1837 658 1897 in
673 1851 762 1901 omne.
773 1837 860 1896 mihit

180 1930 214 1987 36
228 1922 266 1982 Et
281 1937 467 1998 quamquam
481 1935 552 1982 sere
573 1920 704 1996 elipeum
720 1927 792 1996 pest
805 1920 932 1980 vumera
946 1932 1043 1992 sume,

270 2006 412 2066 Attamen
427 2009 506 2064 nanc
521 2003 601 2066 ediis
618 2011 783 2065 exonerate
797 2005 910 2078 iugem,

140 2119 147 2139 κ
229 2089 421 2164 caelestique
434 2089 518 2161 viro,
535 2088 605 2163 quis
621 2104 670 2148 me
683 2088 841 2163 deceperit
855 2100 949 2160 error,

268 2171 376 2232 Dicite.
409 2188 465 2248 pro
481 2172 626 2246 culpane
641 2173 830 2232 scelusesse
846 2176 941 2245 putet.
1071 2223 1073 2226 .
1238 2203 1239 2246 3

208 2293 211 2298 -
227 2255 267 2316 Ut
283 2256 366 2331 quod
383 2271 439 2316 vos
453 2254 555 2329 scitis,
571 2270 692 2331 poenae
708 2269 832 2331 queque
848 2252 957 2314 sentiat
970 2257 1086 2324 unctor,
1238 2301 1239 2308 ,

179 2347 214 2401 to
270 2337 538 2414 Placatopnssum
554 2355 616 2402 nnn
631 2337 812 2421 miseresce
828 2337 911 2398 den!
1063 2383 1065 2388 ,
1125 2347 1129 2352 ’

226 2421 292 2482 Hac
308 2437 400 2498 prece
416 2422 544 2486 adoravi
559 2435 691 2496 superes
707 2436 775 2496 ege.
811 2418 951 2496 pluribus
965 2423 1051 2493 uxor,
1087 2447 1089 2454 v

271 2504 413 2581 singultu
426 2505 547 2566 medios
563 2505 748 2580 impediente
762 2516 869 2566 senes.

227 2589 283 2650 Ille
297 2590 388 2651 etiam
403 2595 473 2651 ente
486 2591 568 2650 iares
586 2589 692 2664 passis
707 2594 861 2666 prostrata
875 2586 993 2663 capillis
1112 2625 1115 2628 -

272 2673 403 2747 Contigit
417 2673 569 2734 extinctos
583 2687 641 2736 ere
654 2678 802 2734 tremente
813 2673 916 2745 icens,

179 2765 213 2818 45
227 2755 383 2834 Multaque
396 2757 427 2818 in
442 2758 593 2820 adversos
609 2755 716 2820 effudit
730 2755 824 2817 verba
840 2759 966 2832 penedes

269 2838 327 2900 Pro
344 2840 506 2914 deplorate
522 2856 584 2902 nnn
598 2841 729 2900 valitura
743 2840 821 2900 vinc

229 2924 356 2997 Iamque
369 2936 475 2982 meree
489 2922 622 2997 spatium
637 2933 698 2984 nex
713 2921 912 2998 praecipitata
925 2917 1068 2994 negabat,
1084 2951 1089 2958 ·

269 3006 434 3080 versaque
450 3005 488 3066 ab
502 3021 563 3068 axe
576 3022 637 3068 sun
653 3005 813 3070 Parrhasis
832 3011 935 3066 arctos
951 3009 1026 3064 erat.
1121 3063 1125 3069 .

230 3088 308 3163 Quid
321 3089 477 3150 tacerent
497 3087 611 3152 hiando
624 3089 745 3164 patriae
759 3088 912 3154 retineiaer
927 3099 1045 3148 emere:

180 3181 216 3234 50
271 3171 384 3233 Ultima
399 3173 456 3232 sed
471 3175 575 3235 iussae
587 3189 653 3232 tnox
665 3179 733 3234 erat
746 3173 798 3234 itta
811 3174 915 3246 fugae.

171 3279 175 3288 r
229 3257 272 3318 A!
291 3254 432 3330 quotiens
448 3257 552 3332 atique
568 3256 633 3319 dixi
647 3263 833 3330 properante
848 3253 939 3328 ‘Quid
952 3256 1097 3327 urguest.

270 3338 331 3398 Vct
347 3354 408 3414 quo
425 3339 552 3403 festines
568 3340 626 3411 ire,
645 3339 805 3412 retunde,
819 3339 919 3400 videt'

227 3422 271 3479 A!
288 3422 431 3496 quotiens
446 3429 559 3484 certam
573 3438 622 3483 me
636 3437 706 3486 suu
720 3423 862 3486 mentitus
876 3419 991 3480 hebere
