2520 4008
450 227 488 305 v,
511 226 562 306 ιο,
585 227 720 306 11-12,
741 227 771 291 ι.
1071 198 1125 296 ιι

161 385 309 458 -Uuaque
324 393 427 456 poena
441 380 554 456 gravis.
587 381 686 441 merui
699 387 800 442 tannen
816 382 891 444 urbe
906 397 1019 458 oarere,
1128 417 1131 424 ·

130 477 167 533 50
216 468 283 528 Non
298 463 397 526 merui
409 464 461 524 loli
475 463 602 524 forsitan
617 477 690 524 esse
703 465 784 524 looo.
1072 478 1076 484 ·

174 552 252 627 Quid
265 551 378 626 loquor
392 554 425 608 a!
446 547 592 607 demensi
612 547 712 623 ipsam
728 564 852 624 quoque
866 550 997 625 perdere
1011 552 1113 628 vitam,

215 633 357 695 Caesaris
373 630 493 710 offenso
509 631 641 705 numine,
663 630 774 706 dignus
790 649 883 693 eram.
974 660 977 664 ·

91 768 159 866 11.
179 766 276 870 Quod
288 803 320 858 le
334 796 441 858 neseio
458 798 527 872 quis
542 813 600 874 per
613 799 713 875 iurgia
726 797 837 860 dixerit
850 814 923 874 esse
937 817 939 824 ¹

211 881 318 942 Exulis
333 895 471 955 uxorem,
493 881 527 941 lit
515 888 592 942 tlera
608 889 717 958 questa
729 891 784 944 lua
798 889 856 944 est

174 967 304 1028 indolui
337 971 476 1026 nontam
488 981 560 1026 mee
574 966 660 1042 quod
673 969 796 1029 fortuna
809 967 889 1028 male
904 966 996 1043 audit,

215 1049 294 1124 Qui
285 1065 345 1110 ram
361 1051 511 1109 consuevi
525 1050 644 1111 iorliler
659 1067 730 1112 esse
746 1051 854 1110 miser·

135 1135 272 1210 oQuam
288 1132 371 1208 quod
387 1133 437 1195 oui
451 1133 575 1193 minime
589 1135 709 1210 vellem,
733 1150 801 1196 sum
818 1149 912 1195 eausa
925 1134 1063 1210 pudoris,

130 1261 132 1266 -
216 1219 322 1292 Teque
335 1232 408 1278 reor
421 1219 537 1278 nostris
553 1217 715 1279 erubuisse
728 1219 827 1287 malis.

175 1296 246 1362 Peri
233 1301 280 1360 ier
293 1306 324 1361 el
338 1300 472 1360 obdura!
494 1301 587 1362 multo
603 1303 746 1377 graviora
759 1302 863 1376 tulisti,

204 1383 334 1461 »Eripuit
349 1401 418 1445 oum
432 1400 482 1444 me
495 1385 643 1462 principis
659 1386 704 1446 ira
717 1385 781 1446 libi.

175 1467 298 1529 Fallitur
311 1469 370 1529 iste
385 1474 495 1544 tamen,
517 1485 579 1545 quo
594 1469 695 1530 iudice
708 1469 850 1530 nominor
863 1471 948 1530 exul:

132 1560 171 1614 lo
219 1551 342 1612 Mollior
355 1559 403 1614 est
417 1553 538 1628 eulpam
552 1567 655 1629 poena
671 1561 777 1614 secuta
789 1569 898 1613 meam.

175 1635 309 1697 Maxima
323 1651 427 1711 poena
439 1635 513 1696 mihi
526 1643 583 1712 esi,
603 1637 708 1712 Ipsum
723 1635 903 1698 offendisse.
936 1634 1083 1712 priusque

215 1720 362 1780 Venisset
375 1719 496 1778 mallem
512 1721 628 1782 funeris
642 1721 721 1783 hora
734 1721 816 1782 mihi.
1148 1777 1162 1794 ,

177 1803 296 1877 Quassa
306 1811 408 1864 tamen
419 1810 526 1863 nostra
538 1810 594 1878 ιιι,
609 1819 671 1864 non
683 1804 779 1865 imola
790 1819 848 1866 nee
861 1803 970 1866 obruta
982 1802 1113 1879 puppis:

216 1886 319 1961 thue
333 1894 416 1948 oorel
428 1893 531 1962 portu,
554 1889 600 1948 sie
613 1881 714 1948 temen
730 1895 814 1951 extet
828 1887 928 1964 aquis.

132 1975 168 2029 15
178 1968 241 2030 Neo
255 1971 357 2045 vilem,
379 1985 437 2030 neo
452 1985 539 2046 opes,
562 1986 620 2031 neo
634 1971 682 2032 ius
698 1972 771 2034 mihi
786 1973 862 2032 civis
877 1970 999 2045 ademit,

215 2053 300 2127 Quae
313 2055 408 2114 merui
423 2053 497 2114 vilio
514 2054 644 2129 perdere
658 2062 767 2116 ounota
780 2071 860 2116 meo.

176 2135 238 2198 Sed
255 2137 328 2212 quia
342 2144 470 2214 peceato
486 2138 606 2199 lacinus
621 2153 683 2198 non
699 2139 796 2201 adluit
810 2139 861 2212 illi,

214 2219 262 2280 Nil
276 2221 398 2282 nisime
412 2221 519 2297 patriis
534 2222 625 2282 iussit
638 2221 750 2283 abesse
765 2223 853 2286 ioois.

173 2303 276 2380 thue
291 2304 368 2380 eliis,
391 2320 549 2366 numerum
565 2321 695 2380 quorum
710 2304 932 2383 comprendere
946 2321 1008 2366 non
1023 2311 1078 2382 esi,

129 2391 168 2446 20
220 2387 403 2450 Caesareum
418 2404 530 2450 numen
545 2390 590 2450 sio
605 2389 679 2450 mihi
693 2391 765 2450 mite
779 2390 844 2451 luit,

173 2469 247 2547 lpse
260 2473 395 2549 relegati,
417 2487 480 2534 non
495 2474 594 2534 exulis
609 2474 702 2554 ulitur
717 2476 748 2534 in
766 2491 816 2534 me

215 2553 353 2621 Nomine.
387 2562 451 2624 tuta
465 2573 523 2618 suo
537 2557 639 2618 iudice
653 2573 748 2618 eausa
761 2573 831 2627 mea
844 2563 900 2618 esi.

173 2636 242 2698 lure
256 2637 346 2714 igilur
360 2638 480 2716 laudes,
504 2641 625 2715 Caesar,
647 2657 704 2717 pro
719 2649 807 2716 parte
820 2639 900 2701 virili

216 2722 355 2783 Carmina
369 2732 476 2786 nostra
490 2731 558 2785 tuas
574 2725 809 2799 qualiacumque
824 2727 949 2783 oanunt=

129 2813 164 2868 25
176 2803 245 2864 lure
260 2804 347 2882 deos,
370 2814 405 2868 ul
418 2807 519 2869 adhuc
534 2809 611 2868 caeli
625 2807 679 2868 tibi
695 2804 965 2880 liminaolaudant,

212 2886 317 2966 Teque
330 2891 425 2952 velint
439 2892 506 2952 sine
520 2907 564 2967 se,
587 2885 776 2968 comprecor,
800 2907 873 2954 esse
886 2891 987 2952 deum.

173 2968 263 3046 Oplal
278 2973 362 3034 idom
374 2976 519 3052 populus.
553 2975 610 3036 sed
624 2977 680 3037 ul
671 2993 702 3036 ιιι
716 2991 801 3038 mare
815 2974 942 3037 flumina
954 2979 1085 3048 vastum,

213 3053 266 3116 Sio
281 3059 361 3120 solet
374 3060 504 3136 exiguae
519 3073 641 3120 currere
654 3060 739 3127 rivus
755 3075 865 3136 aquae.
975 3097 976 3100 =

170 3135 212 3197 At
225 3144 257 3199 tu
272 3140 435 3218 fortunam,
460 3141 546 3203 ouius
561 3159 659 3205 vocor
673 3145 745 3205 exul
760 3143 798 3203 ab
815 3159 877 3219 ore,

127 3223 164 3278 30
214 3221 344 3286 Nomine
358 3190 499 3288 mendaci
512 3241 607 3302 poree
622 3243 752 3328 gravare
766 3235 880 3288 meam!

84 3351 158 3445 12·
171 3333 305 3466 Scribis,
326 3397 360 3454 ul
374 3391 523 3456 oblectem
539 3395 642 3456 studio
657 3394 843 3456 lacrimabile
857 3402 990 3470 tempus,

207 3472 252 3534 Ne
265 3483 395 3551 pereant
407 3478 488 3554 lurpi
502 3485 629 3554 peolora
642 3485 749 3540 nostre
762 3479 832 3539 sim.
