2524 4004
487 229 542 305 111,
565 228 744 294 tae—196.
1063 237 1140 302 ado>

187 379 242 438 Ille
256 393 360 438 moras
373 380 473 454 solis,
490 380 602 454 quibus
617 381 648 440 in
665 399 722 443 sua
736 385 825 458 signa
837 384 960 459 rediret,

124 527 126 534 ¹
149 528 151 532 ¹
226 461 367 523 Traditur
381 464 498 524 exactis
515 464 710 538 disposuisse
724 468 816 528 notis.

153 575 157 580 -
188 544 218 604 ls
233 545 338 604 decies
354 559 449 606 senos
464 554 631 618 tercentum
645 553 675 607 et
690 549 826 624 quinque
841 551 950 612 dicbus

140 659 153 686 ,2
229 628 343 702 lunxit,
361 635 390 686 et
405 644 423 688 e
438 630 529 702 pleno
544 637 683 704 tempora
699 639 807 706 quana
821 635 881 693 die.

81 742 87 752 ·
124 721 177 774 165
189 711 247 782 Hic
262 712 333 770 anni
347 713 459 772 modus
469 719 532 770 est.
562 714 593 774 in
609 715 737 789 lustrum
752 718 902 777 accedere
917 717 1016 794 debet,
1093 764 1097 771 .

146 810 148 814 ·
228 795 311 868 Quae
325 803 552 856 consummatur
565 795 719 872 partibus,
741 815 803 862 uua
818 801 895 861 dies.

445 929 474 992 1.
499 931 778 1020 unornane
822 982 836 998 ,.

189 1047 235 1108 ‘Si
249 1048 319 1108 licet
334 1049 471 1108 occultos
485 1050 617 1110 monitus
633 1051 740 1110 audire
755 1052 882 1113 deerunt

228 1132 372 1204 Vatibus
395 1141 428 1194 ut
444 1139 525 1192 certe
539 1132 620 1192 sanna
634 1134 727 1192 licere
744 1141 838 1208 putat,

127 1250 128 1254 =
189 1216 262 1276 Cum
277 1214 321 1275 sis
336 1215 463 1288 officiis,
487 1215 634 1288 Gradive,
658 1217 796 1280 virilibus
812 1227 913 1292 aptus,

118 1305 172 1360 tro
227 1300 281 1364 Dio
296 1299 394 1371 mihis
407 1308 563 1360 matronae
578 1315 633 1358 cur
647 1307 699 1359 tua
714 1300 794 1359 festa
810 1303 938 1362 colant!

187 1381 239 1441 Sic
251 1397 319 1456 ego.
349 1382 394 1442 sic
408 1383 510 1459 posita
524 1383 600 1446 dixit
614 1383 687 1441 rnihi
704 1385 829 1445 casside
842 1385 975 1461 Mavors

230 1464 293 1525 Sed
309 1473 411 1537 umen
425 1467 456 1525 in
472 1467 580 1526 dextra
594 1466 720 1526 missilis
735 1467 909 1529 hastatuitt

125 1601 130 1606 .
187 1548 284 1607 ‘Nunc
299 1550 428 1624 primum
442 1550 552 1610 studiis
567 1551 669 1624 pacis,
696 1550 774 1610 deus
788 1551 870 1612 utitis
887 1553 989 1626 armis,
1134 1621 1137 1631 Χ

38 1629 41 1635 ’
227 1633 390 1706 Advocor,
413 1635 930 1707 etgressusinnovacastrasero.
1017 1639 1019 1642 ’
1083 1693 1085 1699 .

119 1721 172 1777 175
186 1714 247 1773 Neo
263 1717 347 1790 piget
360 1717 483 1791 incepti.
513 1719 597 1777 iuvat
610 1717 667 1776 trac
684 1733 807 1792 quoque
822 1725 908 1793 parte
923 1723 1043 1796 morari,
1143 1773 1146 1776 ⁴
1210 1745 1214 1751 ·

227 1798 404 1863 Hocsoiarn
420 1817 460 1860 ne
473 1816 508 1859 se
523 1813 619 1874 posse
634 1799 772 1860 nnncrva
787 1809 880 1875 putet.

185 1880 294 1954 Disce,
315 1882 492 1942 Latinorum
509 1890 594 1942 vates
610 1898 743 1958 operose
758 1885 885 1959 dierum,
985 1931 991 1941 ,

227 1964 314 2037 Quod
329 1967 419 2041 petis,
442 1972 472 2024 et
485 1968 612 2027 memori
627 1973 752 2040 pectore
767 1967 848 2044 dicta
863 1974 944 2028 nota.

183 2046 283 2106 Parva
298 2049 367 2122 tuit,
383 2049 410 2108 si
422 2051 519 2123 prima
532 2051 609 2111 velis
625 2051 774 2112 elementa
788 2052 910 2126 reterre,
1175 2116 1178 2123 ,

117 2137 170 2191 180
226 2132 334 2192 Roma.
363 2133 464 2192 sedin
479 2149 576 2208 parva
590 2149 664 2207 spes
679 2140 779 2192 tantur
794 2134 884 2194 huius
901 2142 975 2194 erat.
1090 2152 1093 2156 ·

41 2213 45 2224 '
184 2213 307 2274 Moenia
321 2216 380 2274 iarn
399 2217 534 2292 stabant,
558 2217 682 2291 populis
698 2224 828 2290 angusta
842 2217 959 2290 suturis,
994 2233 996 2240 ’

225 2297 346 2358 eredita
361 2299 416 2361 scd
432 2300 539 2358 turbae
553 2306 624 2360 tunc
640 2301 730 2361 nimis
746 2304 849 2375 ampla
864 2317 950 2363 suae.
1087 2309 1089 2316 ’

184 2379 267 2453 Quae
281 2383 372 2442 tuerit
385 2384 497 2456 nostri,
522 2384 550 2442 si
565 2385 702 2458 quaeris,
721 2383 810 2456 regia
825 2387 895 2456 nati,
939 2383 948 2393 ⁹

222 2465 339 2539 Aspice
354 2467 394 2538 de
408 2481 508 2527 canna
522 2468 783 2542 straminibusque
798 2466 931 2525 domurn.

115 2555 167 2610 185
182 2547 216 2605 In
231 2548 343 2622 suputa
358 2549 473 2624 placidi
487 2552 634 2625 carpebat
648 2567 777 2611 munera
791 2551 899 2625 somni,
967 2598 969 2602 .
1022 2595 1039 2606 .,

137 2654 139 2659 ·
223 2631 261 2689 Et
275 2639 376 2691 tarnen
391 2648 431 2692 ex
445 2633 497 2694 iiio
512 2635 639 2692 venitin
655 2643 738 2693 astra
755 2642 832 2694 toro.

74 2717 76 2724 '
180 2713 306 2789 Iamque
320 2715 394 2775 loco
405 2718 504 2792 maius
513 2712 631 2776 'nornen
645 2718 801 2776 Romanus
816 2717 962 2778 habebat:

96 2847 99 2856 .
221 2798 285 2856 Nec
299 2800 435 2860 coniunx
448 2800 505 2873 illi,
527 2816 584 2860 nec
599 2816 689 2861 socer
702 2801 783 2860 ultus
798 2809 872 2861 erat.

126 2945 128 2950 ,
180 2879 373 2954 Spernobant
386 2898 518 2958 generos
533 2883 643 2958 inopes
657 2884 769 2943 vicinia
784 2883 889 2948 dives=

111 2970 164 3024 190
217 2963 255 3022 Et
268 2967 349 3024 male
365 2965 514 3027 credebar
529 2967 686 3040 sanguinis
702 2973 810 3028 auctor
825 2982 894 3041 ego.

180 3046 215 3104 In
229 3047 358 3110 stabulis
379 3049 537 3112 habitasse
558 3057 589 3109 et
604 3066 679 3110 oves
695 3049 823 3125 pavisse
838 3050 979 3126 nocebat,
1022 3087 1023 3092 κ

14 3185 15 3190 ,
65 3130 73 3153 Ι
142 3143 144 3146 ·
219 3131 625 3207 Iugeraqueincultipauca
644 3135 831 3194 tenerescit.

78 3233 86 3238 ·
180 3213 254 3275 Cum
268 3231 345 3290 pare
360 3224 503 3292 quaeque
513 3230 575 3276 suo
592 3225 703 3278 coeunt
715 3217 921 3294 volucresque
936 3219 1091 3294 feraeque,

97 3343 100 3356 .
218 3299 322 3372 Atque
337 3299 479 3376 aliquant,
500 3301 539 3359 de
555 3317 615 3374 qua
629 3308 784 3376 procreet,
807 3302 916 3376 anguis
931 3299 1032 3364 habet.

21 3446 28 3454 ,
110 3385 162 3440 195
175 3379 328 3443 Extremis
344 3385 454 3444 dantur
468 3383 599 3443 conubia
613 3385 764 3458 gentibus.
792 3391 823 3442 at
838 3399 916 3457 quac

111 3535 113 3540 ¹
220 3464 361 3525 Romano
375 3465 468 3526 uellet
481 3466 605 3541 nubere,
629 3467 711 3545 nulia
727 3467 792 3526 icit.
