2520 4008
133 226 175 291 m
332 235 334 242 v
466 205 757 304 'rsrsmuu
870 299 874 310 ι

215 377 347 439 Diiiieiie
361 377 408 434 est
424 371 517 448 quod,
535 370 641 445 anniae,
659 383 777 428 mones.
809 369 883 444 quia
896 371 1031 430 earmina
1045 369 1164 434 laetum

258 459 334 520 Sunt
348 473 437 532 opus,
456 463 487 516 et
499 469 609 532 pacem
623 452 732 514 mentis
747 451 862 514 habere
875 455 993 516 volunt.

191 542 330 610 ¹‚Nostra
342 555 398 618 per
412 539 561 600 adversas
576 537 675 612 agitur
688 536 810 597 fortuna
824 539 988 615 proeellas,

259 626 349 686 Sorte
363 639 420 684 nee
435 625 497 684 uila
510 637 580 683 rnea
592 621 706 682 tristior
720 635 792 680 esse
807 627 923 696 potest.

216 709 332 784 Exigis,
354 713 388 768 ut
400 707 536 766 Priamus
550 710 690 764 natorum
704 705 810 764 iuuere
823 705 917 780 ludat,

193 834 199 848 ,
257 793 296 853 Et
309 789 406 857 Niobe
420 791 518 850 iestos
532 789 672 848 ducatui
686 787 762 847 orba
776 785 911 850 choros?
985 783 988 790 ’

218 875 364 936 Luctibus
379 890 418 934 an
432 873 535 933 studio
548 871 658 932 videor
672 869 787 932 debere
803 873 909 948 teneri,
946 895 950 900 ·

75 1007 77 1014 1
177 971 212 1026 10
264 958 355 1020 Solus
371 957 401 1017 in
417 963 570 1018 extremos
585 955 690 1016 iussus
705 954 789 1015 abire
805 955 920 1016 Getase

218 1043 281 1106 Des
295 1043 366 1102 iicet
378 1039 410 1100 in
424 1039 526 1100 valido
542 1046 652 1115 peetus
667 1039 740 1098 mitri
754 1039 867 1100 robore
881 1040 995 1116 fultam,

258 1123 869 1200 11111111011111111000111011111001
1243 1179 1244 1184 ,

218 1210 327 1270 Fracta
342 1208 432 1268 cadet
445 1215 547 1278 tantae
562 1207 713 1282 sapientia
727 1207 809 1268 mole
822 1208 937 1268 ruinae.

258 1293 329 1352 Pius
346 1293 428 1352 valet
439 1291 581 1353 humanis
596 1291 712 1351 viribus
727 1291 772 1350 ira
786 1291 847 1350 dei.

181 1378 277 1441 151110
291 1391 402 1448 senex,
429 1375 527 1436 dietus
542 1374 720 1451 sspieusab
733 1375 889 1450 Apolline,
909 1375 1022 1438 nutam

260 1459 402 1520 Scribere
416 1458 448 1518 in
461 1460 521 1519 hoe
530 1463 611 1520 'casu
626 1457 824 1520 sustinuisset
838 1473 928 1536 opus.
942 1455 945 1464 '

218 1543 258 1608 Ut
271 1545 389 1622 patriae
402 1544 535 1615 veniant,
559 1543 683 1603 veniant
697 1542 812 1602 oblivia
825 1544 932 1618 vestri,

262 1627 367 1692 Omnis
380 1633 414 1692 ut
428 1626 534 1686 amissi
548 1639 659 1688 sensus
676 1625 788 1688 abesse
804 1633 909 1702 queste
1006 1621 1008 1626 ’

98 1775 111 1790 ,
178 1753 180 1758 ·
219 1715 261 1773 At
274 1711 362 1774 timor
376 1710 480 1772 0111110
494 1711 579 1785 iungi
593 1717 677 1770 vetet
690 1710 759 1785 ipse
775 1710 887 1784 quiem
938 1735 941 1738 ·

178 1805 214 1859 20
265 1796 388 1856 Cincius
403 1796 442 1855 ab
456 1794 616 1856 innumero
631 1810 681 1854 me
693 1800 777 1854 tenet
789 1794 879 1855 hoste
893 1795 991 1856 iocus.

220 1879 319 1952 Adde,
344 1879 427 1954 quod
442 1877 596 1954 ingenium
610 1879 703 1953 ionga
716 1877 854 1953 rubigine
868 1879 984 1939 laesum

259 1965 372 2038 T'orpet
386 1969 416 2023 et
430 1968 478 2022 est
492 1963 587 2024 multo
604 1976 695 2038 quam
710 1961 765 2024 tuit
779 1969 858 2036 ante,
880 1963 989 2024 minus

219 2046 347 2122 Fertilis,
369 2045 496 2108 assiduo
511 2047 539 2106 si
554 2061 616 2106 non
630 2053 798 2108 mnnvetnr
812 2053 922 2118 aratro,
1024 2072 1027 2080 »

259 2129 307 2190 Nil
321 2129 380 2190 nisi
393 2143 462 2190 eum
476 2129 574 2206 spinis
588 2145 714 2204 gramen
728 2129 854 2190 habehit
870 2145 952 2204 ager.

178 2221 212 2276 15
223 2213 373 2289 Tempore
390 2213 442 2289 qui
455 2215 549 2288 longo
564 2214 691 2289 steterit,
713 2213 794 2272 male
808 2221 909 2274 eurret
922 2221 952 2275 et
965 2212 1047 2273 inter
1068 2287 1069 2290 Ἴ

261 2295 443 2358 carceribus
456 2297 570 2358 missos
584 2297 708 2359 ultimus
724 2295 778 2356 ibit
792 2313 901 2373 equus.

220 2379 355 2440 vertitur
369 2379 400 2438 in
412 2385 548 2440 teneram
562 2379 676 2440 cariem
691 2380 840 2456 urnisque
853 2381 993 2456 dehiscit,

237 2517 243 2522 .
262 2461 360 2538 Siqua
374 2461 427 2523 diu
440 2463 538 2524 solitis
554 2463 664 2524 tumba
677 2465 793 2524 vacarit
807 2465 907 2541 aquis.

139 2555 144 2559 ·
220 2545 270 2606 Me
285 2560 410 2622 quoque
425 2543 568 2623 despera,¹
592 2547 701 2608 inerim
715 2563 784 2609 eum
798 2563 913 2625 parvus
933 2555 963 2609 et
976 2553 1055 2622 ante,

177 2636 213 2691 30
263 2629 317 2704 ilii,
340 2630 392 2705 qni
406 2630 531 2705 ineram,
545 2630 651 2707 'posse
665 2631 771 2692 videre
785 2645 901 2708 parem.
994 2641 996 2648 ⁴

104 2755 106 2760 -
220 2711 363 2775 Contudit
376 2714 532 2790 ingenium
547 2714 691 2791 patientia
705 2715 798 2791 ionga
811 2716 969 2789 maiorum,
1093 2743 1097 2747 ·

257 2797 295 2858 Et
309 2813 383 2873 pars
398 2798 514 2874 antiqui
528 2800 612 2860 nuile
626 2799 743 2874 vigoris
757 2799 855 2860 adest.

220 2879 323 2956 Saepe
332 2887 433 2942 tamen
445 2881 545 2953 nobis,
557 2890 591 2942 ut
601 2899 683 2944 nune
696 2897 829 2959 quoque,
842 2889 964 2959 sumpta
974 2879 1089 2942 tabella
1100 2885 1158 2950 est,

257 2963 354 3036 Inque
368 2978 445 3034 suos
460 2965 545 3025 valui
560 2979 673 3042 eogere
685 2966 784 3027 verba
798 2967 908 3043 pedes.

175 3046 360 3110 1501111111
375 3047 457 3108 nulla
470 3048 543 3108 mihi
557 3058 630 3111 sunt
643 3051 768 3129 scripta,
790 3058 842 3112 aut
857 3049 959 3127 qualia
972 3047 1083 3121 remis,

258 3129 357 3204 Digna
372 3131 549 3193 suidomini
562 3139 711 3211 tempore,
733 3133 828 3210 digna
842 3137 922 3196 loeo.

217 3213 357 3288 Denique
372 3229 434 3276 non
447 3231 562 3291 parvas
576 3219 677 3279 animo
694 3217 749 3287 dat
761 3219 859 3293 gioria
873 3219 966 3290 vires,

255 3295 293 3357 Et
307 3297 459 3359 foecunda
473 3300 544 3360 iacit
557 3309 683 3376 pectora
696 3303 798 3364 laudis
814 3317 910 3364 amor.

217 3379 354 3442 Nominis
370 3387 400 3442 et
414 3381 513 3442 ismae
528 3385 683 3460 quondam
698 3385 819 3461 turgore
833 3383 983 3458 trahebar,

176 3469 211 3522 40
262 3463 340 3524 Dum
355 3464 422 3525 tulit
435 3471 593 3530 antemnas
609 3485 684 3532 aura
698 3471 837 3532 secunda
851 3483 946 3529 meas.
