2454 4004
465 199 517 274 lV,
541 195 718 263 112-181.
1038 197 1102 262 273

209 353 247 412 Et
263 351 366 410 vitium
382 351 455 413 nudi
470 353 610 427 corperis
626 369 717 416 omne
735 352 825 411 videt,

168 439 304 511 Ut-legat
317 434 392 508 hoe,
409 437 548 511 celetque
564 437 665 510 vires,
680 436 814 511 Fprtune
829 435 935 494 Virilis

104 533 157 584 150
208 521 359 592 Praestet,
376 525 406 578 et
420 519 479 581 hee
494 535 592 595 parve
606 527 672 580 ture
686 526 794 595 regala
813 519 892 578 iacit.
982 581 984 587 ,

168 607 231 664 Nec
245 603 350 678 pigeat
362 604 463 664 tritum
477 603 568 665 niveo
584 620 652 664 curn
666 605 744 666 laete
759 606 898 679 papaver

211 688 339 748 Sumere
354 692 384 745 et
397 687 560 762 cupressis¹
571 689 664 747 melta
676 688 791 763 liquata
805 686 895 746 lavis.

171 775 243 834 Cum
259 771 389 846 pn'mum
404 770 516 845 cupido
534 772 641 831 Venus
656 777 686 830 el
704 771 837 830 deducte
851 767 968 841 marite,

211 855 278 915 Hoc
292 854 375 912 bibit.
406 866 446 912 ex
461 855 666 928 illotempore
682 861 777 930 nupta
792 855 856 913 luit.

99 955 155 1008 155
172 937 369 1012 Supplieibus
385 936 488 996 verbis
505 939 585 996 illam
601 939 730 1011 placate.
760 937 817 997 sub
832 938 884 1000 illa

210 1021 249 1078 Et
262 1020 404 1078 ferma-el
419 1034 520 1080 meres
536 1027 566 1078 et
578 1019 663 1080 leona
675 1022 756 1082 lama
770 1028 880 1080 nannet.

166 1106 265 1164 Roma
280 1102 425 1182 pudicitia
440 1117 628 1176 proavorum
640 1111 778 1178 tempere
796 1106 885 1178 lapsa
900 1109 962 1160 est=

209 1187 388 1264 Cymaeam,
404 1193 524 1246 veteres
532 1231 545 1260 ,
556 1187 754 1246 consuluistis
770 1203 870 1246 anum,

167 1270 292 1344 Templa
305 1268 388 1330 iubet
402 1269 468 1328 iieri
481 1269 605 1328 Veneri.
635 1269 745 1344 quibus
765 1269 873 1328 ordine
887 1269 976 1328 lactis

100 1367 156 1423 160
210 1354 285 1412 Inde
298 1353 406 1414 Venus
421 1368 513 1412 verse
529 1353 653 1413 nomina
668 1353 763 1414 eorde
778 1358 869 1412 tenet.

169 1438 300 1512 Semper
314 1437 351 1500 ad
367 1437 532 1497 Aeneadas
550 1437 688 1512 placide,
704 1436 922 1512 pulcherrima,
940 1437 1031 1495 voltu·

207 1521 355 1596 Respice,
371 1527 477 1594 totque
492 1526 575 1593 luas,
593 1521 678 1594 diva,
693 1528 779 1580 tuere
794 1536 900 1580 nurus

164 1607 246 1666 Dum
260 1605 385 1679 loquor,
402 1605 500 1663 elatae
514 1605 696 1665 metuendus
714 1604 854 1664 acumine
868 1604 987 1663 caudae

211 1689 360 1762 Scorpios
381 1688 411 1746 in
427 1687 534 1747 viridis
550 1688 768 1763 praecipitatur
783 1703 890 1762 aquas.

507 1805 551 1881 e.
580 1821 665 1898 ep]

99 1955 151 2008 165
167 1939 305 2000 Nox‘ubi
319 1938 486 2012 transierit,
504 1939 683 2012 caelumque
697 1937 861 1998 rubescere
876 1938 976 2014 prime

209 2023 366 2098 Coeperit,
382 2028 412 2080 et
425 2028 524 2080 teclae
538 2037 609 2081 rore
625 2029 789 2096 querentur
803 2037 887 2094 aves,

166 2108 415 2181 semiustamque
429 2106 526 2166 lacem
542 2105 666 2180 vigilata
681 2111 771 2166 noete
785 2107 884 2165 viator

208 2191 319 2266 Ponet,
337 2196 368 2249 et
383 2189 423 2248 ad
443 2189 567 2250 solitum
583 2189 717 2249 rusticus
733 2188 787 2247 ibit
802 2205 897 2264 opusz

164 2274 309 2334 Pleiades
324 2272 471 2347 incipient
483 2273 627 2332 homenes
642 2275 781 2332 relevare
795 2279 950 2347 paternos

102 2365 154 2420 170
181 2375 188 2390 ·
212 2357 295 2430 Quae
311 2363 428 2431 sepiem
445 2355 520 2430 diei,
536 2370 592 2416 sex
607 2362 707 2416 temen
726 2371 798 2416 esse
812 2357 927 2416 solent:
951 2373 953 2378 ’

168 2441 230 2502 Seu
248 2440 332 2514 qued
348 2440 376 2498 in
398 2441 573 2512 amplexum
589 2455 646 2498 sex
661 2439 732 2498 hine
746 2453 860 2497 venere
876 2439 1047 2514 deorum...
1141 2488 1143 2490 ,
1221 2455 1222 2458 “

208 2525 285 2583 Nem
300 2521 552 2596 SteropenMarti
568 2520 773 2582 concubuisse
789 2523 896 2593 lerunt,

168 2609 310 2682 Neptuno
325 2607 488 2684 Alcyonen
506 2612 535 2666 et
549 2612 595 2681 te,
610 2607 753 2666 *formosa
771 2606 917 2666 Celaeno:
973 2651 975 2654 .

125 2733 126 2736 ,
210 2691 313 2751 Maian
329 2697 358 2751 et
370 2691 509 2750 Electran
524 2692 743 2766 Taygetenque
759 2691 839 2748 Iovi:
873 2704 875 2709 ·

106 2779 156 2835 175
171 2775 309 2850 Septima
322 2774 442 2836 mortali
455 2774 582 2848 Merope
597 2774 663 2847 libi,
681 2772 831 2852 Sisyphe,
847 2771 965 2848 nupsit:

211 2859 361 2930 Paenitet,
379 2865 408 2918 et
423 2858 493 2916 laeti
510 2861 578 2918 seia
593 2859 712 2933 pudere
727 2859 829 2917 latet...

171 2943 244 3004 Sive
258 2943 343 3018 qued
355 2941 476 3002 Electra
489 2941 597 3002 Troiae
613 2948 754 3016 spectare
768 2941 872 3000 ruinas

211 3027 284 3087 Non
292 3027 375 3100 tulit,
395 3033 465 3085 unte
480 3027 588 3088 oeulos
605 3026 813 3102 opposuitque
828 3038 960 3083 uranum.

291 3163 321 3226 3.
343 3163 399 3222 EC
441 3145 891 3242 4.FCeve1·unrn·une
990 3161 1001 3237 '-

170 3277 230 3336 Ter
242 3279 308 3340 sine
324 3286 473 3354 perpetue
490 3278 607 3338 caelum
624 3284 762 3337 versetur
777 3277 806 3334 in
822 3291 890 3348 axe,

109 3367 160 3423 180
214 3361 272 3421 Ter
285 3363 390 3438 iungat
402 3363 487 3422 Titan
501 3369 609 3436 terque
624 3361 759 3421 resolvat
776 3375 885 3434 equos

130 3445 311 3588 ovlzrogilqus
329 3446 444 3507 inflexo
459 3445 641 3521 Berecyntia
655 3444 729 3504 tibia
744 3458 841 3538 eernu
864 3530 901 3586 18
