2454 4004
444 207 503 279 Vl,
525 204 704 270 ott—ote.
1022 208 1085 272 329

151 363 236 439 Quae
252 363 311 422 dea
325 361 379 433 sit,
396 375 491 434 quare
510 358 640 418 famulas
655 375 674 418 a
688 359 790 418 limine
804 359 908 434 templi

189 448 349 516 Arceat,...
365 450 449 503 areat
463 441 577 501 enim...·
590 441 713 518 libaque
727 449 810 502 tosta
823 449 926 517 petati

148 525 499 603 Bacche,·racemiser0s
513 525 628 585 hedera
641 525 780 586 redimite
795 527 932 601 capillos

190 613 223 674 Si
238 613 349 672 domus
368 610 420 668 illa
434 617 485 668 tua
500 617 560 684 est,
574 610 673 684 dirige
688 609 767 670 vatis
783 625 873 684 opus.

7 733 9 736 ·
82 707 138 762 tae
152 700 280 756 Arserat
294 693 444 768 obsequio
462 693 582 754 Semele
596 694 691 754 lovis.
720 693 831 768 accipit
844 693 898 753 luo

189 781 232 840 Te
247 794 339 854 puer,
356 785 386 838 et
399 793 518 837 summe
534 777 641 836 sedula
655 777 751 855 nutrit
763 792 833 852 ope.

150 863 293 923 Intumuit
306 863 397 936 Iuno,
413 867 535 936 raptum
551 862 634 934 quod
650 863 749 936 pelice
764 867 868 920 natum

191 947 319 1006 Educet.
348 953 379 1004 at
391 946 521 1020 ¹sanguis
536 944 587 1002 ille
603 946 719 1004 sororis
736 951 808 1004 erat.

7 1089 9 1104 ,Ἴ
150 1029 228 1088 Hinc
248 1028 347 1102 agitur
361 1029 447 1086 iuriis
461 1028 610 1088 Athamas
626 1034 656 1087 et
670 1028 801 1102 imagine
817 1027 905 1099 laisa,

7 1109 9 1194 ᾗ
82 1119 138 1174 490
184 1114 298 1185 Tuque
314 1111 399 1169 cadis
415 1112 529 1185 patria,
547 1127 643 1185 parve
656 1111 808 1182 Learche,
828 1126 930 1170 manu.

148 1196 267 1254 Maesta
280 1193 453 1252 Learcheas
468 1200 565 1251 mater
578 1195 781 1252 tumulaverat
795 1192 929 1267 umbras,

189 1279 227 1337 Et
242 1277 370 1340 dederat
383 1275 505 1336 miseris
522 1276 623 1334 omnia
638 1275 717 1335 iusta
730 1276 825 1348 rogis.

148 1363 233 1422 Haec
249 1375 387 1436 quoque,
403 1360 545 1420 funestos·
557 1365 590 1418 ut
605 1365 670 1418 erat
684 1359 797 1418 laniata
811 1359 949 1433 capillos

7 1499 9 1502 .
190 1444 326 1517 Prosilit,
344 1449 373 1502 et
388 1445 474 1503 cunis
491 1450 536 1515 te,
551 1441 723 1516 Melicerta,
740 1442 828 1517 rapit.

7 1541 9 1546 ’
81 1528 135 1583 495
149 1529 205 1588 Est
219 1527 319 1604 spatio
334 1534 490 1586 contracta
502 1522 604 1599 brevi,
624 1527 701 1586 freta
715 1526 786 1585 bina
804 1525 930 1600 repellit,

190 1612 321 1686 Unaque
335 1613 475 1686 pulsatur
489 1618 571 1671 terra
585 1609 706 1670 duabus
723 1611 823 1684 aquis

149 1697 218 1755 Huc
232 1695 316 1756 venit
330 1694 447 1754 insanis
462 1701 566 1754 natum
582 1695 745 1768 complexa
760 1692 891 1767 lacertis,

189 1779 228 1839 Et
243 1793 349 1838 secum
364 1793 382 1836 e
397 1778 481 1838 celso
497 1777 585 1837 mittit
598 1779 628 1836 in
644 1777 705 1837 alta
719 1777 801 1851 iugo.

119 1855 123 1862 ”
149 1853 271 1936 Eircipit
285 1863 410 1922 illaesos
426 1860 551 1936 Panope
567 1867 750 1935 centumque
768 1875 903 1932 sorores,
919 1898 920 1908 κ

85 1958 138 2011 500
192 1946 230 2004 Et
243 1943 366 2021 placido
382 1946 472 2019 lapsu
486 1961 542 2020 per
557 1961 614 2004 sua
627 1959 723 2018 regna
739 1945 848 2004 ierunt.

148 2030 291 2088 Nondum
304 2029 497 2100 Leucothea,
514 2029 650 2088 nondum
665 2029 805 2102 pueritie
819 2025 991 2098 Palaemon,

189 2111 364 2172 verticibus
381 2111 470 2171 densi
484 2111 648 2189 Thybridis
665 2127 720 2172 ora
736 2117 847 2172 tenent.

148 2196 250 2256 Lucus
269 2202 342 2254 erat.
373 2195 498 2254 dubium
514 2193 667 2266 Semelae,
685 2194 870 2255 Stimulaene
884 2199 1025 2252 vocetur:

190 2279 360 2338 Maenadas
374 2279 532 2338 Ausonias
547 2279 714 2338 incoluisse
729 2280 837 2338 ierunt.

86 2369 136 2424 505
151 2363 275 2437 Quaerit
288 2362 326 2421 ab
342 2361 390 2420 his
405 2363 476 2436 loo,
492 2377 572 2437 quac
587 2378 663 2436 gens
678 2363 766 2422 toret.
794 2361 934 2420 Arcadas
949 2373 1021 2418 esse

192 2447 301 2518 Audit,
318 2451 347 2503 et
361 2446 537 2504 Euandrum
553 2451 676 2520 sceptra
690 2453 794 2506 tenere
808 2445 878 2505 loci.

151 2529 348 2590 Dissimulate
365 2529 455 2588 deam
468 2527 571 2588 Latias
587 2526 731 2588 Saturnia
744 2529 879 2590 bacchas

191 2612 362 2674 instimulat
376 2611 455 2670 riotis
470 2610 621 2672 insidiosa
635 2611 737 2676 sonisr

151 2696 188 2757 εΟ
203 2697 328 2757 nimium
343 2695 465 2768 faciles,
483 2701 579 2755 cloto
597 2702 721 2771 pectore
736 2700 860 2769 captae!

86 2795 138 2848 510
191 2781 258 2840 Non
274 2779 358 2838 venit
371 2779 450 2838 haee
463 2781 577 2839 nostris
591 2779 708 2855 hospes
724 2779 822 2851 amice
837 2776 948 2836 choris.

144 2864 272 2924 ‘Fraude
286 2863 376 2939 petit,
393 2863 535 2936 sacrique
551 2870 637 2938 parat
652 2877 842 2937 cognoscere
856 2861 955 2920 ritum.

193 2946 259 3021 ouo
275 2947 377 3022 possit
395 2961 514 3022 poenas
531 2948 680 3022 pendere,
698 2948 809 3021 pignus
824 2935 949 3004 habeis

150 3030 212 3091 Vix
227 3031 308 3090 bene
322 3030 471 3103 desierat,
488 3032 644 3107 complent
659 3029 823 3090 ululatibus
838 3044 929 3090 aures

192 3113 364 3192 Thyiades,
381 3111 489 3174 effusis
503 3129 560 3190 per
574 3131 633 3177 sua
645 3113 727 3176 colle
740 3114 847 3186 comis,

8 3267 9 3270 Ἴ
84 3205 134 3260 615
150 3197 340 3272 iniciuntque
355 3201 477 3270 manua,
499 3215 689 3274 puerumque
703 3199 851 3258 revellere
866 3199 1010 3270 pugnant.

189 3281 276 3356 Quos
291 3283 412 3356 ignorat
425 3281 542 3356 adhue,
558 3284 681 3344 invocat
694 3283 746 3342 illa
762 3282 855 3341 deese
982 3276 986 3284 ‘

149 3365 260 3442 ‘Dique
275 3365 395 3443 virique
408 3365 484 3439 loci,
499 3368 630 3427 miserae
645 3365 812 3426 succurrite
828 3363 941 3424 matrit’

146 3503 149 3509 .
194 3450 314 3511 Clamor
328 3449 474 3511 Aventini
489 3465 567 3510 saxa
581 3451 755 3526 propinqua
770 3447 846 3510 ierit.
