2454 4004
141 191 205 257 aaa
525 185 780 247 rnsroauu

227 343 277 402 Mc
291 341 452 401 miserum!
468 337 645 398 dubitatisi’
661 337 711 398 ait.
743 336 881 398 dubitare
894 337 1029 412 videbat,

269 426 307 485 Et
321 424 452 500 pavidas
468 422 571 496 posito
586 421 791 496 procubuisse
806 437 898 496 genu.
1002 455 1006 460 -

229 510 338 570 Haurit
349 523 464 583 aquas,
481 507 655 580 tollensque
669 519 796 581 manus,
812 505 979 580 ‘ignoscite
986 510 1008 581 ,⁹
1025 506 1114 566 dixit

163 606 216 660 450
273 591 396 652 ‘Sacrat
413 591 459 648 vir
472 589 591 652 intrabo
604 605 667 656 non
681 591 824 650 adeunda
837 590 915 650 viro.

230 676 262 737 Si
280 677 383 736 scelus
399 683 462 746 est,
478 675 508 733 in
524 689 573 734 me
589 673 744 735 commissi
759 689 862 748 poena
875 673 1044 735 redundet:

271 759 318 821 Sit
336 760 445 835 capitis
459 759 572 818 damno
587 757 685 818 Roma
699 759 800 819 soluta
815 758 896 818 mei?

227 844 324 915 Dixit,
338 849 369 904 et
384 843 499 920 irrupit.
528 843 639 902 sactum
655 841 715 903 dea
728 849 817 918 rapta
830 841 981 917 probavit,

268 926 486 1000 pontificisque
500 926 548 985 sui
562 941 687 985 munere
701 932 765 986 tuta
779 926 845 986 luit

161 1017 215 1073 455
229 1011 316 1072 Nunc
329 1010 409 1072 bene
424 1010 532 1070 lucetis
548 1024 655 1070 sacrae
668 1009 726 1070 sub
742 1009 874 1071 Caesare
888 1009 1045 1070 daromae:
1082 1079 1084 1084 Ι

266 1097 350 1172 Ignis
365 1095 395 1154 in
411 1094 513 1154 lliacis
526 1109 606 1152 nunc
622 1093 679 1153 erit
695 1099 810 1169 estque
820 1094 909 1154 iocis.

227 1179 379 1254 Nullaque
393 1179 512 1240 dicetur
523 1179 613 1240 vittas
630 1184 801 1238 temerasse
816 1177 965 1238 sacerdos

268 1263 336 1322 Hoc
351 1263 446 1336 duce,
461 1277 519 1322 nec
534 1261 606 1320 viva
621 1261 795 1322 delodletur
811 1262 915 1323 humo.

229 1346 280 1407 Sic
294 1348 413 1406 incesta
426 1345 513 1420 perit.
545 1345 617 1420 quia
633 1361 725 1420 quam
741 1346 880 1418 violavit,
896 1345 927 1406 in
946 1345 1030 1406 illam

161 1429 214 1486 too
270 1429 430 1503 Conditor,
447 1428 591 1489 etTellus
606 1431 766 1504 Vestaque
780 1445 891 1491 omnen
906 1430 987 1490 idem
1001 1435 1059 1488 est.

113 1569 126 1583 ,,
225 1514 301 1574 'lum
317 1513 376 1574 sibi
391 1512 523 1572 Callaico
538 1513 650 1573 Brutus
666 1528 837 1588 cognomen
854 1513 893 1573 ab¹
906 1513 998 1574 hoste

267 1598 367 1668 Fecit,
383 1604 413 1656 et
426 1597 595 1671 Hispanam
609 1597 760 1672 sanguine
774 1599 863 1658 tinxit
876 1597 1010 1658 humum.

229 1680 352 1742 Scilicet
363 1680 517 1740 interdum
530 1680 697 1742 miscentur
711 1682 809 1742 tristia
822 1681 921 1752 laetis,

268 1766 332 1825 Nec
348 1766 498 1841 populum
511 1771 575 1825 toto
590 1772 717 1840 pectore
731 1766 811 1826 leste
822 1765 936 1826 iuvant.

161 1857 214 1913 46⁵
231 1849 363 1910 Crassus
377 1850 418 1910 ad
431 1849 607 1924 Euphraten
623 1849 743 1924 aquilas
757 1856 923 1923 natumque
937 1862 1079 1920 suosque

267 1933 418 2009 Perdidit,
435 1941 465 1992 et
480 1936 540 1993 leto
555 1941 603 1994 est
616 1935 741 1996 ultimus
758 1934 827 2009 ipse
843 1934 942 1994 datus.

226 2002 360 2089 ‘Partha
378 2018 453 2093 quid
469 2019 623 2077 exultasi’
640 2019 716 2078 dixit
730 2019 790 2078 dea
804 2017 907 2091 ‘signa
921 2015 1078 2076 remittes:

268 2100 388 2176 Quique
401 2117 508 2162 necem
524 2101 628 2163 Crassi
643 2103 794 2175 vindicet,
810 2103 889 2161 ultor
904 2102 980 2160 erit’

591 2233 641 2298 10.
661 2235 723 2294 ΑΝ

224 2354 266 2414 At
281 2352 372 2413 simul
388 2352 493 2413 auritis
509 2351 609 2412 violae
624 2354 787 2414 moiuntur
806 2351 919 2426 asellis,

163 2443 218 2500 cto
271 2435 310 2495 Et
325 2435 443 2494 Cereris
460 2437 564 2510 fruges
580 2453 695 2511 aspera
709 2440 909 2508 serstorum,

227 2519 337 2580 Navita
351 2533 457 2593 puppe
472 2519 588 2579 sedens
603 2518 767 2594 ‘Delphina
783 2518 982 2592 videbimus?
998 2516 1100 2592 inquit

269 2601 391 2664 ‘Umida
406 2616 475 2662 cum
489 2603 581 2677 pulso
599 2619 662 2664 nox
677 2605 733 2664 erit
748 2611 815 2666 orta
829 2603 903 2664 die.2
965 2608 967 2614 ’

505 2737 555 2803 ll.
579 2736 807 2797 cotnra-N

227 2852 305 2928 lam,
319 2853 438 2933 Phryx,
455 2863 583 2930 arrupte
598 2854 753 2930 quereris,
767 2853 909 2928 Tithone,
925 2851 1069 2929 relinqui,

264 2935 304 2997 Et
320 2938 391 3012 vigil
406 2940 472 3000 eois
487 2939 609 3000 Lucifer
623 2939 685 2998 exit
700 2939 800 3012 aquis.

161 3027 214 3083 475
230 3021 288 3094 lte,
303 3018 404 3082 bonae
419 3030 579 3096 matres,...
596 3029 732 3082 vestrum
747 3021 887 3082 Matralia
901 3021 1046 3082 testum...

270 3103 425 3181 Flavaque
439 3107 602 3167 Thebanae
617 3105 736 3166 reddite
752 3105 814 3164 liba
829 3105 916 3166 deae.

228 3188 374 3250 Pontibus
389 3195 421 3250 'at
435 3206 545 3265 magno
561 3191 663 3250 iuncta
678 3196 726 3250 est
743 3188 941 3259 celeberrima
956 3186 1048 3248 Circo

270 3275 366 3346 Area,
384 3289 463 3347 quoe
479 3274 580 3348 posito
597 3275 637 3334 de
651 3272 733 3333 bove
747 3288 860 3334 nomen
875 3273 978 3332 habet

229 3357 295 3417 Hac
309 3354 351 3414 ibi
365 3357 434 3416 luce
449 3357 548 3416 lerunt
562 3357 695 3416 Matutae
710 3371 801 3416 sacra
815 3357 932 3432 parenti

166 3445 221 3502 480
276 3438 481 3514 Sceptrileras
498 3438 586 3499 Servi
602 3440 716 3515 templa
731 3440 859 3502 dedisse
872 3453 993 3500 manns.
