2454 4004
147 223 212 288 aro
528 221 789 285 nasruauu
886 307 891 312 ἱ
984 275 986 278 ,

188 429 189 432 ,
233 374 354 448 Obstitit
369 373 470 436 Orion.
499 375 616 436 Latona
630 372 794 440 nitentibus
808 377 900 448 astris
949 391 953 398 ·

240 463 244 476 ‘
273 459 417 530 Addidit,
434 465 464 521 et
477 456 587 518 ‘Mariti
600 457 748 532 praemia’
764 459 841 528 dixit
854 459 976 520 ‘habet’
1072 455 1090 470 “

376 589 427 656 lt.
449 591 475 650 D
495 591 533 650 ΙΨ
551 583 761 651 nvo-naar·
776 579 826 651 ru'·
841 610 926 653 c1ac
980 593 981 596 ’

167 709 297 774 ele-Sed
314 708 388 786 quid
403 715 433 768 et
448 706 541 767 Orion
556 715 585 766 et
601 712 703 767 cetera
717 709 821 778 sidera
835 713 949 771 mundo

275 793 392 852 Cedere
406 791 565 864 festinant,
580 805 705 867 noxque
720 799 836 854 coartat
845 794 928 854 ¹itero

186 869 189 874 ’
231 871 309 949 Quid
325 871 415 936 solito
431 874 518 934 citius
536 873 654 950 liquido
672 875 764 948 iubar¹
775 891 911 953 aequore
925 877 1005 938 tollit
1094 907 1097 910 >

274 959 426 1032 Candida,
442 956 570 1018 lucifero
586 961 818 1033 praeveniente,
836 961 925 1022 diest
1085 1023 1089 1030 ,

129 1101 131 1106 .
229 1042 339 1116 ratior,
354 1059 392 1102 an
405 1057 489 1101 arma
500 1047 631 1118 sonanti
654 1040 721 1100 Non
735 1043 874 1116 fallimur,
892 1059 976 1105 arma
995 1043 1155 1104 sonabant:

165 1133 220 1188 550
274 1125 358 1187 Mars
375 1126 471 1199 venit,
487 1131 517 1184 et
530 1122 659 1184 veniens
673 1124 784 1186 bellica
798 1129 887 1208 signa
902 1128 995 1190 dedit.

228 1211 315 1272 Ultor
329 1211 370 1278 ad
384 1209 454 1284 ipse
466 1223 543 1268 wsuos
558 1209 643 1272 caelo
660 1209 821 1270 deseendit
832 1211 967 1272 honores

271 1294 458 1368 Templaque
472 1291 502 1350 in
515 1292 657 1366 Augusto
674 1293 894 1368 conspicienda
909 1296 986 1356 loro.

227 1379 266 1440 Et
279 1379 356 1437 deus
369 1381 419 1459 'est
433 1376 555 1450 ingens,
571 1381 601 1435 et
616 1390 707 1450 opus.
725 1377 867 1439 debebat
879 1379 908 1438 in
927 1379 1003 1438 urbe

269 1462 337 1522 Non
352 1461 438 1521 aliter
452 1459 515 1518 nati
527 1458 610 1518 Mars
625 1457 764 1520 habitare
777 1462 835 1522 sui.
940 1487 942 1494 >

165 1557 216 1612 555
230 1545 329 1621 Digna
346 1543 501 1619 Giganteis
516 1542 595 1602 haee
609 1549 681 1602 sunt
695 1543 822 1604 delubra
834 1547 986 1620 tropaeis:

269 1629 350 1690 Hinc
363 1623 428 1687 iera
443 1625 609 1686 Gradivum
623 1625 705 1686 bella
718 1630 960 1690 moverefdee‘et:

229 1713 291 1775 Seu
310 1711 379 1788 quis
394 1710 433 1771 ab
448 1726 506 1770 eoo
523 1726 582 1771 nos
597 1709 710 1785 impius
727 1711 803 1771 orbe
816 1713 957 1786 lacesset,

178 1849 181 1854 .
270 1795 333 1856 Seu
348 1794 417 1870 quis
432 1795 471 1854 ab
488 1795 617 1855 occiduo
632 1796 699 1854 sole
714 1794 887 1856 domandus
903 1797 968 1856 erit.

226 1878 378 1954 Prospicit
392 1877 577 1954 armipotens
594 1879 697 1952 operis
713 1879 834 1954 fastigia
854 1881 981 1957 summi„

105 2019 108 2026 .
163 1971 216 2028 550
241 1968 245 1974 “
270 1963 309 2022 Et
321 1962 432 2037 probat
445 1961 576 2021 invictos
592 1977 710 2022 summa
724 1969 828 2023 tenere
845 1965 942 2030 deos·
1033 1961 1036 1967 ’

227 2045 377 2120 Perspicit
391 2045 422 2103 in
437 2042 555 2124 iorilpus
572 2045 716 2106 diversae
731 2047 931 2122 tela'figurae‚

267 2131 424 2203 Armaque
437 2136 587 2189 terrarum
602 2129 696 2191 milite
710 2130 791 2190 sieta
807 2147 874 2192 suot.

225 2213 303 2273 Hinc
317 2212 401 2271 videt
414 2212 542 2271 Aenean
558 2220 714 2274 oneratum
730 2209 868 2290 pondere
881 2231 952 2276 earo
1042 2245 1045 2250 ·

265 2296 304 2356 Et
317 2302 362 2356 tot
375 2296 478 2382 Iuleae
492 2295 657 2357 nobilitatis
668 2301 766 2359 ‘avosz

161 2387 213 2444 565
227 2379 305 2439 Hinc
320 2379 404 2438 videt
416 2377 533 2439 Iliaden
547 2379 682 2462 humeris
698 2381 785 2442 ducis
801 2398 887 2443 arma
901 2382 1056 2451 serentem,

189 2497 191 2500 -
268 2462 416 2535 claraque
427 2461 592 2538 vdispositis
608 2472 676 2524 aeta
690 2466 821 2526 subesse
835 2462 919 2524 viris.

226 2545 351 2622 Spectat
367 2550 397 2604 et
415 2546 557 2620 Augusto
573 2555 764 2622 praetextum
778 2547 901 2610 nornine
915 2549 1070 2623 templum,

264 2629 304 2688 Et
315 2629 419 2690 visunt
434 2631 512 2689 lecto
530 2629 661 2690 Caesare
676 2632 775 2709 maios
791 2649 880 2708 opus.

60 2779 63 2784 ,
223 2713 360 2773 voverat
373 2711 434 2772 hoo
449 2713 568 2774 iuvenis
583 2720 670 2787 tunc,
687 2731 755 2775 cunr
771 2717 823 2790 pia
837 2714 957 2776 sustulit
971 2729 1064 2772 arma.

96 2795 97 2800 ’
160 2803 214 2860 570
269 2797 403 2857 Atantis
417 2795 563 2873 Princeps
579 2798 771 2874 incipiendus
786 2805 859 2858 erat.

224 2879 278 2940 llle
293 2894 401 2940 manus
417 2881 565 2954 tendens,
588 2883 660 2942 hine
675 2883 764 2944 stanti
780 2882 874 2942 milite
888 2883 979 2955 iusta,

265 2962 343 3022 Hinc
358 2964 540 3040 coniuratis,
556 2966 628 3026 talia
643 2966 725 3027 dicta
739 2965 838 3026 dedit:

223 3044 270 3106 ‘Si
284 3045 357 3106 mihi
371 3046 504 3108 bellandi
519 3056 605 3123 pater
620 3057 668 3110 est
680 3051 858 3124 Vestaeque
872 3047 1023 3109 sacerdos

263 3129 395 3205 Auctor,
411 3138 442 3190 et
455 3132 563 3192 ulcisci
579 3148 688 3194 numen
705 3140 867 3208 utrumqne
881 3147 974 3208 paro:

157 3220 210 3275 575
224 3211 323 3286 Mars,
340 3213 430 3288 ades,
446 3223 476 3275 et
490 3217 568 3276 satia
582 3220 731 3278 scelerato
748 3216 900 3292 sanguine
914 3215 1038 3287 ferrum,

233 3311 240 3344 †
266 3295 392 3372 Stetque
405 3298 494 3358 lavor
510 3314 604 3360 eausa
618 3317 675 3376 pro
691 3301 817 3361 meliore
831 3306 913 3360 tuus.
976 3319 977 3326 ¹

220 3379 345 3453 Templa
360 3381 441 3441 feres
458 3386 501 3456 et,
517 3398 566 3442 me
580 3385 715 3459 victore,
731 3381 893 3444 vocaberis
907 3380 1020 3442 Ultor!

263 3461 410 3522 voverat
442 3469 471 3522 et
489 3463 558 3524 fuso
574 3466 672 3527 laetus
688 3469 726 3528 ab
741 3467 832 3528 hoste
846 3464 935 3546 redit.
