2520 4008
144 247 185 310 se
307 312 310 330 ,Ι
543 231 769 300 raterium

227 481 301 542 Sum
312 479 415 546 miser.
429 477 507 540 haec
518 479 622 540 brevis
635 483 863 538 estnostrorum
873 480 1169 546 summamalomlne
1255 487 1256 520 1

141 633 144 636 ,
250 577 251 580 ’
268 563 413 641 Quisquis
429 567 459 624 et
473 561 593 626 offenso
610 563 742 624 Caesare
756 561 847 636 vivet,
870 564 936 624 erit.

109 668 114 676 ·
225 649 325 716 Turba
339 644 516 708 Tomitanae
531 661 610 722 quae
625 647 665 706 sit
678 645 814 720 regionis
830 651 860 713 ct
873 646 955 733 inter

184 743 219 797 11)
270 729 353 808 Quos
368 731 501 791 habitem
515 729 638 803 mores,
652 729 773 790 discere
786 743 860 790 cura
874 730 928 790 tibi
944 735 1012 792 asta
1072 765 1076 774 ,

129 855 132 860 ,
185 879 188 885 ,
224 817 321 878 Mixto
335 815 375 875 sit
389 815 465 874 haec
480 813 623 888 quamvis
636 812 714 873 inter
729 811 927 890 Graecosque
942 815 1107 892 Getasque,

266 899 294 959 A
308 901 386 958 male
402 897 521 972 pacatis
537 899 606 973 plus
622 896 712 957 trahit
727 911 782 958 ora
797 895 891 958 Getis.

227 980 415 1045 Sarmaticae
429 981 527 1044 maior
542 977 732 1056 Geticaeque
741 982 916 1055 frequentia
930 982 1029 1058 gentis

130 1126 132 1130 ,
264 1066 323 1127 Per
337 1065 455 1126 medias
469 1065 605 1140 in'eqnis
621 1065 706 1140 itque
721 1064 863 1140 reditque
877 1066 956 1126 vias.
1053 1076 1055 1080 ’
1124 1061 1131 1069 ’

183 1163 217 1220 15
227 1153 260 1212 In
277 1150 388 1226 quibus
404 1155 452 1210 cst
465 1165 565 1225 nemo,
590 1151 641 1224 qui
656 1166 718 1211 non
733 1155 864 1227 coryton
880 1157 910 1210 et
924 1165 1028 1211 arcum

262 1235 397 1310 Telaque
411 1234 537 1312 vipereo
553 1234 652 1294 lurida
668 1234 738 1292 telle
752 1240 847 1308 gerat.

163 1329 165 1334 ’
224 1321 297 1380 Vox
312 1319 385 1392 lero,
408 1325 480 1378 trux*
491 1319 603 1394 vultus,
628 1315 788 1377 verissima
802 1315 908 1378 Martis
923 1317 1039 1400 imago:

264 1403 331 1463 Non
347 1417 443 1477 coma,
467 1417 529 1462 non
543 1402 605 1462 ulla
618 1399 714 1460 barba
728 1406 848 1460 resecta
862 1416 969 1463 manu:

224 1487 357 1546 Dextera
371 1501 434 1544 non
448 1486 555 1560 segnis·
567 1485 630 1545 fixo
650 1485 724 1544 dare
737 1485 867 1544 vulnera
882 1486 987 1559 cultro,

182 1581 218 1635 to
271 1569 366 1643 Quem
381 1569 514 1630 vinctum
528 1565 615 1629 lateri
629 1567 778 1631 barbatus
794 1569 894 1630 omnis
908 1567 1016 1628 hebet

227 1652 308 1714 Vivit
322 1653 352 1711 in
367 1651 415 1712 his
428 1651 490 1713 hen
504 1652 596 1727 Naso,
620 1668 745 1712 suorum
760 1651 872 1712 oblitus
888 1657 1040 1714 amoruml
1106 1705 1110 1709 .

264 1733 329 1797 Hos
343 1735 435 1811 videt,
458 1736 517 1796 hos
532 1743 619 1796 vates
636 1735 729 1812 audit,
753 1735 859 1808 amice,
883 1741 969 1796 tuus!

223 1821 327 1895 Atque
340 1819 456 1880 utinam
470 1821 554 1880 vivet
568 1836 630 1881 non
646 1825 675 1880 et
689 1819 835 1880 moriatur
851 1819 882 1878 in
897 1819 966 1893 illis,

196 1933 197 1936 ¹
264 1902 356 1964 Absit
370 1903 408 1964 ab
424 1904 532 1964 invisis
548 1909 692 1984 ettamen
706 1903 814 1964 umbra
828 1902 918 1964 locis!

182 1995 216 2049 te
229 1984 369 2047 Caenina
384 1987 468 2062 quod
482 1988 574 2064 pleno
591 1987 695 2048 saltari
711 1993 816 2048 nostra
829 1987 955 2061 theatro,
1030 2030 1033 2032 -

264 2069 415 2131 Versibus
431 2078 462 2131 et
476 2072 581 2147 plaudi
595 2070 715 2146 acribia,
734 2071 840 2146 amice,
862 2069 955 2130 meis:

222 2154 269 2213 Nil
285 2155 428 2228 equidem
442 2155 539 2215 feci...
552 2161 585 2217 tu
601 2155 663 2216 scis
678 2154 738 2215 hoc
753 2153 857 2233 ipse...
871 2154 1007 2230 theatris,

262 2237 352 2300 Musa
366 2253 423 2298 nec
437 2239 468 2298 in
483 2240 613 2314 plausus
628 2237 789 2299 ambitiosa
803 2253 872 2299 mea
887 2243 943 2300 est.
975 2290 980 2296 .
1002 2247 1005 2268 ¹
1141 2305 1147 2312 ,

62 2383 64 2387 ,
222 2321 289 2382 Non
303 2329 404 2382 tamen
418 2321 568 2398 ingratum
583 2329 638 2396 est,
659 2323 875 2400 quodcumque
891 2321 1003 2382 oblivia
1018 2322 1117 2382 nostri

180 2412 215 2468 30
267 2404 397 2480 Impedit
411 2413 440 2466 et
453 2407 575 2481 profugi
590 2407 747 2466 nomenin
763 2422 818 2467 ora
832 2407 934 2466 rcicrt.
1255 2453 1256 2486 3

223 2488 367 2563 Quamvis
383 2487 544 2564 interdum,
568 2505 648 2566 qnae
661 2505 710 2549 me
724 2489 855 2551 laesisse
869 2488 1026 2564 recordor,
1141 2492 1143 2497 '
1255 2489 1256 2580 i

264 2571 403 2635 Carmina
417 2572 558 2635 devoveo
572 2573 774 2649 Pieridasque
788 2590 890 2636 meas=
959 2576 961 2582 ’

223 2656 296 2717 Cum
310 2656 390 2716 bene
405 2657 527 2734 devovi,
550 2673 670 2733 nequeo
686 2665 788 2718 tamen
804 2671 876 2718 esse
890 2657 958 2718 sinc
973 2657 1044 2731 illie,

261 2740 512 2818 Vulneribusque
526 2743 603 2804 meis
617 2742 679 2802 tela
693 2748 819 2804 cruenta
834 2756 959 2818 sequor.
1255 2781 1256 2812 t

178 2831 212 2888 35
225 2824 372 2899 Quaeque
385 2827 478 2885 modo
494 2825 640 2888 Euboicis
655 2827 789 2886 lacerata
803 2833 851 2886 est
865 2823 1018 2898 fluctibus,
1041 2823 1137 2886 audet
1255 2841 1256 2900 1

263 2908 354 2968 Graia
369 2907 557 2984 Capheream
572 2925 693 2978 currere
706 2910 821 2987 puppis
836 2926 957 2985 aquam.

219 2990 283 3052 Nec
298 2997 407 3067 tamen,
430 2999 462 3052 ut
476 2993 591 3069 lauder,
614 2994 707 3069 vigilo
724 3010 892 3070 curamque
907 2989 997 3054 futuri

261 3073 407 3151 Nominis,
429 3076 530 3139 utilius
546 3077 630 3153 quod
644 3078 794 3156 latuisset,
816 3095 886 3154 ago.

219 3158 347 3219 Detineo
363 3160 471 3221 studiis
487 3161 620 3222 animum
635 3164 771 3238 falloque
786 3163 921 3238 dolores,

177 3247 212 3304 40
261 3241 414 3319 Experior
428 3246 509 3306 curis
526 3252 555 3307 et
570 3247 643 3307 darc
660 3247 754 3308 verba
767 3246 855 3308 meis.

219 3325 297 3398 Quid
312 3327 413 3402 potius
430 3329 540 3390 luciam
555 3330 686 3391 desertis
703 3333 789 3392 solus
804 3331 835 3392 in
850 3331 923 3406 oris,

260 3408 396 3485 Quamve
409 3415 498 3473 malis
513 3412 603 3474 aliam
618 3429 766 3488 quaerere
782 3430 877 3476 coner
892 3418 1005 3490 opemt

218 3491 291 3553 Sive
303 3493 405 3559 iocum
420 3503 538 3574 specto,
558 3497 646 3562 locus
661 3506 709 3560 est
723 3498 906 3575 inamabilis,
930 3503 960 3557 et
975 3509 1038 3574 quo

412 349 413 352 ,

243 423 245 428 ¹
268 393 412 472 Quamvis
427 393 487 457 hoc
502 394 616 456 velme
632 394 712 454 scire
726 381 846 454 tacente
860 400 961 470 potes.

1255 527 1256 585 1

1255 609 1256 654 1

1255 681 1256 714 1

1255 769 1256 794 1
