2520 4012
457 246 495 322 11,
517 243 695 308 les-263.
860 287 868 296 ·
1043 247 1083 312 al

180 399 308 460 Raetica
323 413 403 456 nunc
418 399 567 472 praebent
579 398 769 475 Thraciaque
783 416 867 460 arma
881 405 1002 476 metum,

143 485 230 546 Nunc
247 483 320 558 petit
334 482 499 542 Amnenius
513 497 630 557 paoem,
652 498 733 544 nunc
748 485 875 558 porrigit
889 501 978 548 arcus

187 567 316 626 Parthus
331 579 430 640 eques
442 565 547 625 timida
563 573 712 640 captaque
727 568 817 642 signa
830 581 931 643 manu,

143 651 231 712 Nunc
246 657 276 710 te
291 649 379 724 prole
394 656 447 710 tua
460 650 601 708 iuvenem
617 647 777 710 Gennania
791 653 891 721 sentit,

82 745 135 798 230
186 735 334 808 Bellaque
349 747 405 808 pro
420 749 531 808 magno
548 732 679 793 Caesare
695 733 807 795 Caesar
821 735 891 810 agit.

144 819 284 896 Denique
299 823 332 875 ut
347 817 376 875 in
391 823 485 890 tanto,
509 824 653 892 quantum
669 833 730 878 non
747 819 843 879 extitit
856 833 1011 895 umquam,

184 903 319 976 Corpore
335 917 408 976 pars
422 902 505 960 nulia
520 907 575 973 est,
598 917 678 975 quae
692 895 782 976 labet,
804 903 931 978 imperii,
974 940 980 948 ·

144 985 226 1045 Urbs
243 999 368 1060 quoque
382 991 413 1043 te
427 991 459 1043 ct
470 985 571 1059 legum
586 985 683 1044 lassat
696 987 791 1045 tutela
805 993 922 1046 tuarum

181 1069 220 1128 Et
232 1085 359 1141 morum,
383 1069 500 1128 similes
512 1085 594 1143 quos
611 1069 699 1143 cupis
714 1085 786 1130 esse
799 1071 869 1130 tuis.

83 1153 210 1216 asedec
224 1153 278 1212 tibi
292 1152 480 1230 contingunt,
504 1167 584 1227 quae
597 1152 738 1226 gentibus
755 1153 816 1214 otia
830 1161 985 1230 praestosr

185 1237 332 1310 Bellaque
347 1253 416 1296 cnm
431 1236 532 1296 multis
547 1237 718 1312 inrequieta
730 1237 824 1312 geris.

139 1320 234 1380 Mirer
247 1321 277 1378 in
292 1319 352 1380 hoc
367 1320 460 1396 igitur
470 1326 620 1380 tammum
634 1321 772 1396 pondere
786 1337 886 1382 renim

79 1401 81 1406 ’
184 1403 357 1479 Numquam
373 1411 402 1462 te
418 1411 543 1464 nostros
556 1404 712 1464 evoluisse
727 1405 836 1466 iocosi

138 1488 181 1548 Ar
195 1489 231 1562 si,
255 1488 339 1564 quod
355 1488 484 1562 mallem,
507 1503 623 1548 vacuus
638 1489 771 1548 fortasse
786 1489 908 1562 luisses

56 1597 65 1615 ι
80 1579 131 1634 240
184 1572 304 1632 Nullum
319 1573 450 1646 legisses
467 1573 580 1632 crimen
595 1573 626 1630 in
641 1574 716 1631 Arte
730 1587 807 1632 mea.

141 1655 198 1716 Illa
214 1655 337 1730 quidem
352 1656 451 1715 faleor
464 1655 572 1715 frontis
588 1671 650 1714 non
666 1671 738 1715 esse
752 1671 880 1716 severae

187 1738 315 1814 Scripta,
338 1755 395 1798 nec
412 1746 527 1798 atanto
544 1738 684 1814 principe
698 1739 792 1812 digna
807 1741 883 1814 legia

141 1822 209 1882 Non
224 1829 325 1882 tamen
339 1822 455 1882 idcirco
469 1823 571 1897 legum
586 1823 738 1882 contraria
752 1823 846 1884 iussis

185 1905 261 1966 Sunt
275 1921 312 1965 oa
325 1907 481 1966 Romanas
498 1906 700 1980 erudiuntque
715 1923 819 1967 nurus.

80 1995 132 2054 245
145 1990 230 2049 Neve
246 1989 357 2064 quibus
374 1990 506 2050 scribam
521 1989 789 2065 passis‘dubitare,
808 1989 927 2050 libellus

184 2073 330 2146 Quattuor
343 2073 402 2134 hos
416 2089 526 2134 versus
543 2091 560 2134 e
574 2074 672 2134 tribus
687 2089 767 2134 unus
783 2073 890 2135 habeti

145 2157 232 2227 ‘Este
246 2157 361 2232 procul,
384 2157 478 2218 vittae
491 2164 609 2232 tenues,
630 2157 750 2230 insigne
765 2157 902 2231 pudoris,

185 2240 333 2316 Quaeque
346 2243 428 2316 tegis
440 2242 560 2304 medios
579 2241 682 2302 instita
697 2241 788 2315 longa
803 2240 914 2316 pedes!

144 2325 192 2384 Nil
206 2325 266 2384 nisi
279 2326 446 2399 legitimum
461 2341 674 2400 concessaque
689 2325 768 2384 furta
783 2339 936 2397 canemus,

80 2417 134 2470 250
183 2408 279 2483 Inque
295 2425 365 2470 meo
379 2409 495 2470 nullum
510 2409 643 2468 carmine
659 2409 772 2468 crimen
787 2407 864 2468 erit’

143 2491 263 2567 Ecquid
279 2492 316 2553 ab
332 2493 390 2554 hac
405 2509 512 2554 omues
526 2493 624 2568 rigide
639 2493 858 2554 summovimus
873 2491 956 2564 Arte,

152 2592 160 2598 ·
188 2577 269 2650 Quas
285 2579 364 2637 stola
377 2575 511 2650 contingi
529 2577 665 2650 vittaque
682 2584 802 2651 sumpta
816 2581 920 2634 vetati
955 2607 957 2610 -

32 2693 37 2700 ·
113 2661 183 2720 ·At
196 2667 334 2721 matrona
349 2667 452 2736 polest
465 2660 572 2720 alienis
587 2660 701 2720 artibus
717 2661 769 2732 uti,
926 2723 928 2728 ,

187 2743 338 2819 Quodque
353 2745 460 2818 traiani,
485 2744 625 2820 quamvis
639 2757 701 2802 non
717 2742 872 2814 doceatur,
895 2741 997 2801 habet.

80 2835 130 2888 aaa
143 2828 191 2886 Nil
207 2828 296 2901 igitur
309 2835 449 2888 matrona
462 2827 551 2903 legat
573 2827 644 2901 quia
659 2825 792 2886 carmine
808 2823 845 2883 ab
863 2824 945 2884 omni

182 2911 231 2970 nd
247 2911 487 2987 delinquendum
502 2913 622 2976 doctior
636 2925 707 2970 esse
721 2914 832 2985 polest.

142 2993 364 3070 Quodcumque
379 2997 518 3072 attigerit,
540 2996 630 3072 siqua
644 3003 691 3079 est
705 2992 845 3057 studiosa
859 2991 982 3070 sinistri,

179 3077 230 3136 Ad
245 3080 352 3141 vitium
366 3095 470 3141 mores
483 3083 611 3141 instruet
625 3082 696 3140 inde
712 3095 797 3140 suos.

143 3159 315 3237 Sumpscrit
329 3165 498 3241 Annales..
513 3165 587 3226 nihil
602 3171 649 3226 est
663 3164 808 3225 hirsutius
824 3163 913 3223 illis...

79 3249 132 3304 260
182 3244 275 3306 Facta
290 3249 331 3308 sit
343 3250 427 3309 unde
442 3265 555 3323 parens
569 3250 638 3322 Ilia,
661 3263 771 3324 nempe
785 3249 874 3323 leget.

141 3327 322 3406 sumpserit,
344 3333 525 3392 Aeneadum
537 3333 670 3408 ‘genitrix
683 3330 735 3391 ubi
749 3331 856 3407 prima,
879 3330 1022 3406 requiret,

179 3413 360 3476 Aeneadum
376 3417 506 3490 genitrix
521 3417 604 3476 unde
619 3417 658 3476 sit
674 3416 754 3475 alma
767 3417 884 3475 Venus.

93 3525 127 3538 -
140 3494 315 3574 Persequar
329 3499 466 3575 inferius,
489 3501 582 3560 modo
598 3501 625 3560 si
640 3501 710 3560 licet
724 3497 830 3558 ordine
844 3498 924 3570 lorii,
