2524 4004
132 161 196 236 172
522 121 751 236 uxpourc
831 127 833 132 ’

44 441 53 454 .
152 377 192 468 7ο
211 371 411 468 vereamini
426 403 538 464 desunt
553 402 661 463 eadem
680 408 742 462 tam
757 417 852 478 saepe
866 404 998 478 roganti.
1029 475 1032 477 ,

251 491 378 566 Iamque
392 487 492 565 pudet
505 502 602 548 vanas
618 486 680 546 fine
695 496 799 546 carere
813 500 935 562 preces.
1012 559 1014 564 Ι

211 573 325 634 Taedia
345 571 498 634 consimili
512 571 580 631 fieri
596 570 636 630 de
652 569 786 629 carmine
801 569 899 644 vebis,
965 649 966 652 Ἴ

159 657 162 663 “
256 656 397 733 Quidque
412 663 529 733 petam,
545 659 673 714 curetes
687 651 854 714 edidicisse
868 651 964 714 recep

184 741 388 816 sNestraque
404 739 479 816 quid
494 743 596 814 portet
608 736 669 796 iam
684 737 782 798 nostis
798 737 944 814 epistola,
960 739 1102 814 quamvis

258 825 369 888 Charta
382 823 422 884 sit
435 838 456 882 a
468 821 578 882 vinciis
593 836 655 882 nen
669 819 825 882 labefacta.
836 821 912 883 suis.
930 841 935 844 ·
1024 883 1027 888 ,
1099 875 1101 885 ,
1116 835 1118 840 ’

214 909 296 984 Ergo
311 913 444 969 mutetur
457 905 563 981 scripti
575 905 725 966 sententia
733 904 846 981 nostri,

254 993 299 1052 Ne
313 991 427 1052 totiens
443 994 565 1062 eontra,
583 1003 675 1064 quam
689 988 772 1064 rapit
786 989 900 1065 amuis,
916 1004 991 1050 eam.

217 1074 306 1150 Quod
319 1075 399 1136 bene
415 1073 558 1134 devehis
574 1071 713 1147 speravi,
729 1073 895 1149 ignoscite,
911 1072 1014 1134 amieis

168 1173 203 1225 10
254 1159 340 1220 Talia
357 1157 508 1234 peccandi
522 1156 583 1215 iam
597 1154 671 1216 mihi
685 1155 756 1216 finis
773 1157 838 1218 erit.
1038 1209 1039 1212 ,
1256 1215 1257 1220 ,

215 1243 281 1304 Nee
294 1241 398 1318 gravis
413 1239 503 1302 uxori
519 1239 613 1300 dicar.
642 1235 723 1316 qua‘e
738 1241 856 1301 seilicet
870 1241 900 1300 iu
915 1255 964 1300 me
1070 1253 1074 1257 ·
1158 1263 1160 1266 ·

258 1327 354 1402 Quam
368 1326 481 1402 proba,
496 1329 558 1385 tam
571 1322 679 1384 timida
692 1329 754 1398 est,
771 1325 997 1400 experiensque
1011 1337 1133 1402 parum.

216 1398 301 1471 Haec
317 1423 458 1486 queque,
472 1407 571 1481 Naso,
588 1409 680 1467 feres.
710 1408 821 1468 etenim
836 1409 943 1484 peiora
956 1399 1062 1473 tuisti.

257 1493 322 1554 iam
334 1492 389 1555 tibi
405 1491 509 1556 sentiri
525 1490 647 1551 sarcina
660 1491 744 1554 nulia
760 1499 874 1568 petest.
908 1495 913 1499 '
998 1559 1000 1564 ,

158 1582 201 1640 '15
215 1577 331 1639 Ductus
346 1577 385 1638 ab
400 1580 536 1638 armento
551 1579 658 1648 taurus
674 1575 822 1648 detrectat
836 1581 977 1650 aratrum,

259 1659 414 1722 subtrahit
429 1665 460 1719 et
474 1659 552 1720 dure
569 1659 649 1720 colla
662 1660 786 1719 novella
800 1661 883 1736 iuge.
953 1689 957 1692 ·

214 1743 295 1816 Nos,
312 1743 424 1825 quibus
438 1742 581 1803 adsuevit
595 1742 690 1804 iatum
706 1743 868 1804 crudeliter
880 1745 933 1819 uti,
993 1769 995 1774 v

255 1827 307 1887 Ad
320 1828 401 1888 mala
414 1827 474 1887 iam
488 1826 608 1902 pridem
622 1843 685 1889 nan
701 1844 806 1890 sumus
819 1829 882 1889 ulla
895 1827 999 1889 mdes.

215 1910 364 1973 Venimus
379 1911 411 1971 in
425 1911 548 1972 Geticos
563 1911 652 1972 fines.
681 1912 846 1973 meriamur
859 1912 889 1972 in
903 1911 978 1972 iliis!

166 1997 202 2050 ne
256 1993 414 2071 Parcaque
432 1995 472 2056 ad
488 2003 656 2056 extremum
671 2012 733 2073 qua
747 2012 816 2058 mea
830 1997 946 2073 coepit,
963 2001 1021 2056 eat.

217 2077 311 2155 Spem
324 2079 409 2140 iuvat
421 2079 579 2156 amplecti,
597 2095 677 2156 quae
691 2096 754 2142 non
768 2081 852 2142 iuvet
867 2080 956 2142 inrita
969 2091 1109 2156 sempera

256 2163 294 2224 Et
308 2163 375 2232 fieri
390 2164 496 2239 eupias
514 2163 605 2240 siqua
619 2166 720 2226 futura
733 2171 833 2241 putes.

214 2244 375 2309 Proximus
389 2247 461 2307 huic
474 2248 589 2323 gradus
605 2255 654 2310 est
666 2248 747 2310 bene
762 2249 930 2325 desperare
945 2247 1084 2323 salutem,

128 2403 130 2408 ,
259 2329 363 2405 Seque
377 2331 474 2392 semei
492 2345 567 2394 vera
583 2332 664 2393 seire
678 2333 802 2409 perisse
815 2333 889 2394 fide.

165 2420 200 2474 25
217 2412 359 2475 curando
373 2413 440 2474 fieri
457 2415 609 2492 quaedam
628 2418 746 2478 maiora
759 2415 902 2479 videmus

253 2497 405 2574 Vulnera,
422 2513 501 2574 quae
516 2500 623 2561 meiius
643 2516 706 2561 non
720 2501 858 2577 tetigisse
872 2499 938 2562 fuit.

118 2591 121 2597 “
214 2579 317 2642 Mitius
333 2581 384 2641 ilie
398 2583 491 2658 perit,
508 2583 609 2645 subita
625 2585 677 2660 qui
692 2585 837 2661 mergitur
850 2584 944 2660 unda,
972 2611 976 2616 ’

256 2663 352 2739 Quam
365 2681 421 2726 sua
437 2667 490 2743 qui
504 2668 628 2730 tumidis
643 2669 770 2730 brachiu
785 2671 883 2730 lassat
897 2665 997 2742 aquis.

216 2748 274 2810 Cur
289 2765 347 2825 ego
363 2751 492 2828 concepi
507 2751 661 2831 Scythicis
675 2769 725 2815 me
741 2767 838 2831 pesse
853 2765 958 2811 carere

162 2832 199 2891 ie
252 2832 394 2909 Finibus,
409 2842 440 2896 et
452 2833 534 2896 terra
550 2837 749 2913 prosperiore
766 2836 847 2897 fruit

215 2915 276 2977 Cur
289 2916 405 2991 aliquid
420 2918 460 2978 de
474 2935 523 2979 me
537 2921 662 2995 speravi
678 2919 778 2982 lenius
793 2923 963 2994 umquam?

255 2999 306 3058 An
320 2999 450 3062 fortuna·
459 3003 533 3063 mihi
548 3003 594 3064 sie
608 3019 677 3064 mea
692 3011 766 3066 nota
780 3004 857 3064 iuiti
916 3049 919 3056 ,

214 3082 374 3156 Torqueor
389 3100 427 3144 en
442 3087 577 3162 gravius.
607 3087 802 3166 repetitaque
817 3087 1073 3151 torma-locorum

253 3165 387 3228 Exilium
403 3175 532 3232 renovat
545 3171 633 3234 triste
646 3186 820 3249 recensque
836 3170 918 3232 iacit.
983 3187 985 3190 ·
1058 3189 1060 3193 ·

162 3253 196 3314 35
211 3247 268 3312 Est
283 3254 383 3312 tamen
400 3253 517 3328 utilius,
534 3253 666 3316 studium
681 3261 807 3318 cessare
820 3269 969 3329 meorum,

258 3331 370 3407 Quam,
387 3352 466 3411 quas
482 3339 650 3413 admoriut,
665 3355 727 3410 nou
742 3338 879 3400 valuisse
893 3351 1017 3415 preces.

207 3415 320 3491 Magna
337 3417 462 3493 quidem
477 3435 528 3482 res
545 3427 606 3501 est,
627 3438 718 3498 quam
733 3437 795 3484 non
811 3423 947 3498 audetis,
963 3417 1071 3481 amicir
