2524 4004
488 221 530 298 ΙΙ,
552 221 710 287 att-104.
1034 225 1098 290 RS

166 376 269 450 Saepe
284 387 396 450 munes
411 372 533 446 pluvias
549 375 718 448 adopertus
729 375 862 442 nubibus
878 341 983 439 auster

198 457 360 531 concitat,
376 463 428 516 aut
441 456 544 531 posita
558 456 615 516 sub
631 457 702 518 nive
716 465 797 520 terra
811 459 892 521 latet.

459 563 720 651 ennaea

165 705 326 766 Proximus
343 702 512 780 Hesperias
526 704 612 764 litan
627 706 763 769 abiturus
779 710 810 769 in
826 711 924 771 undas

206 790 350 850 Gemmea
369 787 533 863 purpureis
549 803 617 848 oum
632 791 703 866 iuga
717 792 819 854 demet
832 794 931 868 equis,

24 899 25 906 ¹
112 883 148 940 15
163 875 218 934 llla
233 878 324 933 noete
338 871 466 946 aliquis,
488 873 599 932 tollens
615 875 655 933 ad
671 876 773 937 sidera
788 879 913 950 voltum,
1076 935 1078 939 Α

15 965 17 972 ’
206 957 293 1018 Dicet
306 955 377 1016 ‘Ubi
392 960 439 1014 est
453 954 546 1018 hodie
563 973 642 1030 quae
656 958 738 1036 Lyra
753 960 839 1022 fulsit
852 961 957 1022 herii’

152 1035 306 1115 'Dumque
319 1039 432 1115 Lyram
447 1046 588 1113 quaeret,
609 1041 699 1101 medii
716 1059 839 1118 quoque
853 1051 939 1120 terga
952 1045 1065 1106 Leonis

207 1125 242 1185 ln
255 1122 389 1199 liquidas
404 1120 505 1183 subito
520 1137 623 1184 mersa
637 1127 754 1186 notabit
768 1144 877 1204 aquas.
1109 1136 1113 1144 “

532 1254 564 1318 4.
592 1257 647 1317 CN

168 1373 263 1446 Quem
277 1374 371 1434 modo
386 1373 535 1434 caelatum
552 1375 648 1434 stellis
664 1373 816 1452 Delphina
829 1376 968 1450 videbas,

114 1466 150 1520 80
205 1457 235 1516 ls
251 1455 349 1531 fugiet
358 1456 446 1516 visus
462 1464 553 1518 noete
570 1467 720 1533 sequente
734 1467 821 1522 tuos:
889 1474 891 1478 ’

166 1539 227 1600 Seu
244 1540 300 1600 fuit
315 1540 442 1600 occultis
458 1542 531 1600 felix
546 1543 578 1600 in
593 1543 750 1605 amoribus
765 1544 868 1618 index,

206 1623 341 1684 Lesbida
356 1640 425 1683 eum
441 1625 564 1686 domino
581 1642 637 1686 seu
656 1628 721 1687 tulit
736 1627 786 1688 ille
800 1628 908 1705 lyram.

167 1708 255 1784 Quod
273 1722 357 1767 mare
371 1723 433 1768 non
447 1709 546 1781 novit,
564 1727 644 1784 quae
658 1712 758 1772 nescit
771 1712 888 1772 Ariona
903 1713 1015 1774 tellust

205 1791 343 1852 Carmine
358 1799 514 1853 eumentes
531 1794 581 1852 ille
595 1794 718 1854 tenebat
732 1811 840 1868 aquas.

116 1885 151 1938 85
167 1875 268 1950 Saepe
285 1891 422 1950 sequens
436 1892 546 1951 agnam
561 1877 819 1953 lupusestavooe
832 1884 983 2026 retentae:
1013 1907 1017 1916 «

207 1958 308 2034 Saepe
325 1959 448 2021 avidum
464 1961 584 2034 fugiens
599 1963 708 2022 restitit
720 1977 801 2036 agna
814 1964 931 2037 lupum.

166 2042 267 2118 Saepe
282 2057 374 2103 eanes
390 2048 576 2120 leporesque
589 2045 698 2106 umbra
712 2045 844 2107 cubuere
859 2038 917 2107 sub
933 2062 1003 2120 una,

205 2126 242 2185 Et
259 2127 340 2187 stetit
355 2128 386 2186 in
404 2142 481 2187 saxo
497 2129 638 2202 proxima
655 2145 748 2188 aerva
762 2130 845 2190 leaer

164 2209 201 2268 Et
216 2209 283 2269 sine
298 2210 349 2270 lite
363 2213 478 2286 loquax
493 2226 563 2271 eum
577 2211 710 2272 Palladis
725 2213 795 2274 alite
811 2212 918 2273 cornix
1006 2279 1008 2284 ,

114 2303 150 2360 90
207 2291 307 2366 Sedit,
330 2302 360 2352 et
375 2294 512 2369 aoeipltri
527 2295 629 2355 iuncta
644 2295 786 2356 columba
801 2297 864 2356 fuit.

166 2377 297 2454 Cynthia
312 2392 408 2452 saepe
423 2379 483 2438 tuis
499 2380 607 2454 fertur,
625 2379 741 2439 vocalis
756 2380 862 2454 Arion,

206 2463 373 2536 Tamquam
388 2461 529 2522 fraternis
544 2463 734 2538 obstipuisse
749 2463 860 2524 modis.

165 2543 281 2605 Nomen
297 2545 458 2606 Arionium
473 2545 592 2606 Siculas
608 2548 786 2622 impleverat
798 2545 902 2619 urbes,

209 2628 365 2704 captaque
380 2636 446 2690 erat
469 2630 572 2708 lyricis
587 2629 725 2691 Ausonis
740 2644 794 2689 ora
812 2629 909 2689 sonis.

115 2712 239 2776 951nde
257 2712 380 2772 domum
396 2720 539 2789 repetens
554 2729 690 2788 puppem
704 2713 884 2773 conscendit
897 2710 1001 2784 Arion,

208 2795 309 2870 Atque
328 2795 371 2857 ita
388 2798 549 2871 quaesitas
566 2804 629 2857 arte
645 2796 762 2858 ferebat
776 2812 863 2871 opes.

121 2903 123 2906 ·
166 2878 321 2951 Forsitan,
338 2880 458 2956 infelix,
480 2887 590 2942 ventos
604 2881 767 2956 undasque
781 2879 930 2940 timebas:

207 2964 248 3023 At
262 2963 315 3022 tibi
330 2980 409 3024 nave
423 2971 474 3024 tua
486 2965 579 3025 tutius
594 2979 710 3040 aequor
725 2970 799 3023 erat.

166 3045 302 3122 Namque
316 3047 502 3122 gubernator
517 3048 661 3110 destricto
678 3047 811 3107 constitit
826 3059 908 3120 ense,

94 3139 148 3192 100
205 3129 373 3207 ceteraque
389 3137 505 3191 anneta
518 3133 645 3192 conseia
659 3131 749 3190 turba
761 3147 862 3190 manu.
918 3168 921 3174 2

166 3213 244 3287 Quid
259 3214 313 3274 tibi
328 3230 398 3276 eum
412 3213 537 3290 gladio?
552 3216 675 3276 dubiam
690 3229 779 3288 rege,
800 3215 919 3284 navita,
940 3212 1054 3287 pinum.
1154 3232 1160 3246 ·

205 3297 274 3357 Non
288 3298 366 3359 haee
381 3305 453 3360 sunt
466 3299 568 3372 digitis
585 3315 670 3358 arma
683 3297 815 3358 tenenda
833 3297 905 3357 tuis.

164 3381 229 3450 llle,
246 3388 327 3442 metu
341 3397 468 3456 vacuae,
490 3381 632 3442 ‘Mortem
646 3396 707 3442 non
724 3381 887 3455 depreeor’
903 3377 1008 3454 inquit,

209 3462 285 3526 ‘Sed
300 3467 390 3526 liaeat
404 3471 527 3542 sumpta
540 3479 641 3541 pauca
652 3465 767 3525 referre
783 3464 874 3542 lyra?
