2520 4012
345 244 352 254 '
457 245 501 322 11,
523 241 700 311 tto-491.

111 460 115 467 ,
198 398 236 460 Ει
255 397 379 458 tacitam
398 412 525 458 mensae
540 398 626 458 duxit
644 399 675 458 in
696 400 770 460 orbe
785 408 903 464 notama

89 493 143 548 455
156 483 196 544 Et
212 479 325 558 quibus
340 496 359 542 e
375 481 460 542 sucis
479 481 569 542 abeat
583 483 621 541 de
638 498 769 558 corpore
784 485 872 560 livor,

199 567 357 641 impresso
375 565 441 624 fieri
462 565 514 639 qui
532 567 612 626 solet
632 581 699 640 ore,
721 567 826 627 doceis

156 651 299 724 Denique
318 648 357 708 ab
373 649 495 708 incauto
511 649 636 709 nimium
654 650 729 724 petit
748 651 798 710 iiie
813 653 932 727 marito,

201 733 242 794 Se
260 748 384 806 quoquc
403 732 446 791 uti
461 739 578 806 servet,
599 741 707 807 peccet
722 740 755 793 ut
769 734 821 794 iiia
834 735 952 798 minuat

160 817 239 890 Scit,
258 817 308 876 cui
322 819 446 875 latretur
464 831 518 875 cur
535 817 621 876 solus
640 816 828 891 obambulet,
849 819 927 894 ipse,

91 913 147 968 460
205 901 262 961 Cur
275 901 387 960 totiens
404 901 526 961 clausas
545 907 687 960 exscreat
700 905 770 961 ante
789 903 890 963 iores:

160 982 316 1058 Multaque
336 983 389 1044 dat
407 983 562 1058 factitatis
579 992 759 1060 praecepta,
776 987 937 1062 docetque,

205 1069 270 1142 Qua
282 1075 396 1143 nuptae
416 1067 538 1142 possint
552 1067 658 1128 tallere
675 1067 714 1128 ab
729 1075 794 1128 arte
810 1071 905 1130 viros.

107 1217 119 1227 ,
160 1152 224 1215 Nec
243 1152 298 1212 suit
311 1153 371 1212 hoc
386 1149 428 1210 illi
444 1151 559 1224 fraudi,
579 1151 751 1226 legiturque
770 1151 907 1215 Tibuiius

203 1235 240 1295 Et
256 1237 370 1312 piacet,
388 1243 418 1295 ct
436 1235 496 1295 iam
517 1242 547 1294 te
565 1235 703 1312 principe
718 1243 808 1298 notus
824 1243 898 1298 erut.

94 1327 146 1383 465
160 1320 302 1380 Invenies
319 1319 427 1380 eadem
441 1318 546 1380 blandi
566 1325 732 1394 praecepta
745 1318 897 1396 Properti:

204 1403 365 1468 Districtus
382 1403 507 1464 minima
520 1418 578 1464 nec
593 1409 693 1464 tamen
710 1404 759 1463 ilie
774 1412 846 1465 nota
861 1411 918 1466 est.

160 1487 217 1548 His
234 1501 292 1562 ego
306 1488 456 1548 successi.
479 1487 622 1562 quoniam
639 1489 827 1562 praestantia
842 1489 958 1550 candor

204 1572 333 1632 Nomina
346 1572 485 1632 vivorum
502 1571 696 1631 dissimulare
709 1571 802 1631 iubet.

161 1655 229 1716 Non
244 1655 343 1728 timui,
360 1656 472 1730 fateor,
492 1671 546 1730 ne,
567 1671 630 1729 qua
646 1659 689 1714 tot
708 1655 771 1713 iere
792 1653 923 1728 carinae,

93 1741 148 1797 rto
205 1739 359 1814 Naufraga
380 1740 512 1800 servatis
534 1738 675 1798 omnibus
694 1755 756 1797 una
776 1739 864 1798 soret.

165 1823 241 1884 Sunt
256 1823 324 1886 aliis
345 1823 493 1898 scriptae,
511 1822 623 1898 quibus
644 1822 712 1882 alea
725 1821 852 1897 luditur,
873 1830 1000 1884 actosa...
1102 1823 1108 1836 '

204 1908 270 1968 Hoc
290 1907 393 1968 estad
409 1914 609 1968 nostrosnon
626 1906 695 1967 leve
712 1906 826 1966 crimen
843 1923 951 1968 avos...

163 1991 241 2064 Quid
256 1993 378 2051 valeant
395 1992 461 2064 tadi,
478 2005 539 2065 quo
559 1989 665 2066 possis
681 1991 812 2065 plurima
829 1993 912 2052 iactu

205 2075 349 2150 Fingere,
369 2075 538 2136 damnosos
560 2073 752 2148 effugiasque
769 2089 878 2134 canes:

95 2158 147 2214 475
161 2161 297 2224 Tessera
311 2174 388 2232 quos
402 2158 514 2218 habeat
531 2173 690 2230 numeros,
707 2157 840 2217 distante
853 2161 965 2216 vocato

205 2243 325 2303 Mittere
342 2259 402 2316 quo
419 2243 541 2316 deceat,
563 2257 625 2315 quo
642 2241 716 2300 dare
731 2239 830 2300 missa
847 2239 957 2300 modat

163 2326 307 2388 Discolor
325 2332 358 2386 ut
370 2333 458 2386 recto
473 2332 633 2400 grassetur
645 2325 738 2386 limite
758 2322 856 2398 milae,

208 2410 280 2470 Cum
295 2409 415 2470 medius
432 2410 553 2484 gemino
573 2410 708 2470 calculus
725 2408 816 2469 hoste
835 2407 921 2484 perit,

163 2494 205 2560 Ut
214 2509 303 2568 mage
318 2495 397 2554 velie
413 2494 501 2568 sequi
517 2493 593 2552 sciat
609 2499 640 2552 et
652 2506 801 2552 revocare
816 2492 957 2568 priorem,
1049 2522 1092 2535 -

95 2581 151 2636 48⁰
204 2577 267 2636 Nec
285 2583 349 2637 tuto
367 2577 490 2652 fugiens
506 2576 700 2637 incomitatus
721 2582 780 2635 eat.

162 2659 261 2722 Parva
279 2661 368 2722 sedet
382 2661 476 2722 ternis
491 2661 640 2720 instructa
657 2658 771 2718 tabelia
792 2657 913 2731 lapillis,

204 2743 239 2804 In
254 2761 315 2819 qua
329 2745 445 2806 vicisse
460 2752 509 2806 est
523 2743 721 2804 continuasse
742 2757 835 2801 suos:
928 2801 935 2814 ,
991 2741 1091 2818 [ncsm

164 2827 282 2902 Quique
303 2829 353 2888 alii
376 2828 494 2890 lusus...
514 2841 615 2902 neque
639 2825 719 2884 enim
736 2839 817 2884 nunc
834 2837 1007 2900 persequar
1028 2837 1090 2884 am·

205 2909 351 2986 Perdere,
371 2926 436 2972 rem
457 2918 572 2983 caram,
593 2917 733 2984 tempora
749 2913 855 2970 nostra
871 2909 979 2968 solent.

98 2999 148 3055 485
162 2995 245 3056 Ecce
260 2995 343 3056 canit
357 2995 472 3055 formes
488 2995 567 3055 alius
587 2993 748 3066 iactusque
763 2993 907 3067 pilaruma

205 3077 262 3138 Hic
278 3085 373 3138 artem
393 3077 485 3138 nandi
506 3076 668 3153 praecipit,
688 3075 739 3134 illc
758 3075 870 3136 trochi:

164 3162 343 3242 Composita
358 3166 407 3222 cst
421 3161 489 3222 aliis
506 3161 631 3222 fucandi
646 3175 721 3220 cura
736 3159 864 3220 colorisa
887 3177 888 3182 ¹

204 3245 263 3305 Hic
279 3245 379 3322 epuiis
398 3247 484 3320 leges
500 3244 697 3319 hospitioque
712 3243 810 3304 dedit:

163 3327 250 3389 ‘Alter
267 3325 406 3403 humum,
422 3329 462 3388 de
477 3343 540 3404 qua
553 3328 705 3402 fingantur
722 3329 848 3402 pocula,
869 3331 1028 3402 monstrat,

97 3415 150 3472 49⁰
207 3413 369 3489 Quaeque,
390 3412 495 3485 docet,
512 3413 629 3486 liquido
647 3417 727 3472 testa
742 3411 782 3472 sit
796 3415 868 3486 apta
883 3425 977 3471 mero.

162 3495 249 3556 Talia
263 3496 409 3559 luduntur
423 3497 546 3558 fumoso
565 3501 672 3559 mense
687 3493 856 3567 Decembri,

121 3592 204 3638 cvm.
225 3579 279 3639 itt.
413 3629 416 3635 r
872 3582 889 3635 ³
