2520 4008
158 179 224 277 ρι’
557 203 809 276 rarsmum¹
870 193 875 207 ·

202 374 237 429 10
280 363 346 424 Per
360 325 506 422 numeros
519 322 628 417 omnes
641 355 731 418 hoet
718 364 824 418 tueare
839 362 948 433 caput,

244 446 333 522 Quod
345 449 399 506 tua
413 458 462 504 me
478 457 548 501 raro
563 441 680 502 solatur
694 441 761 518 epis
762 441 833 514 t‚ola
857 455 987 516 peccas:

284 531 423 604 Remque
437 520 520 604 piam
534 531 686 601 praestas,
710 531 740 584 et
754 522 827 584 mihi
841 523 936 586 verba
950 541 1058 601 negas.

180 613 310 674 Hoc
324 627 435 688 precor
449 609 592 670 emendat
617 607 743 684 quodsi
757 608 930 668 correxeris
945 625 1048 696 unum,

282 696 413 758 Nullus
404 712 437 756 ιιι
452 693 575 770 egregio
591 705 722 767 corpore
736 707 855 752 naevus
870 692 982 752 erit.

202 790 236 842 15
245 779 386 841 Pluribus
402 792 553 850 accusem,
577 775 645 836 fieri
658 775 718 836 nisi
732 775 841 852 possit,
862 777 1014 855 utadme

250 881 251 885 ¹
284 865 397 924 Littera
410 876 473 921 non
487 855 598 932 veniat,
621 859 717 920 misso
731 861 771 920 sit
783 859 836 920 illa
848 865 960 921 tamen.

227 947 281 1009 Di
296 947 418 1020 iaciant,
438 951 472 1005 ut
487 943 527 1004 sit
540 943 701 1004 temeraria
715 950 822 1005 nostra
836 945 1024 1019 querella,

252 1032 388 1109 Teque
405 1035 508 1104 putem
523 1027 601 1087 lalso
617 1043 679 1088 non
694 1026 871 1088 meminisse
885 1028 961 1088 meil

244 1094 333 1189 Quod
345 1127 473 1188 precor,
495 1125 578 1172 esse
583 1110 689 1187 liquet.
721 1126 824 1186 neque
839 1111 920 1174 enim
933 1109 1076 1174 mutabile
1089 1108 1187 1226 robur

201 1210 237 1262 00
286 1197 418 1258 Credere
432 1211 481 1256 me
495 1195 543 1256 fas
556 1200 604 1262 est
617 1195 753 1272 pecteris
768 1210 840 1256 esse
854 1197 906 1256 tui.
970 1222 972 1226 v

246 1281 329 1342 Cena
342 1280 439 1356 prius
438 1278 544 1355 gelido
559 1279 661 1339 desint
674 1278 827 1341 absinthia
840 1273 945 1355 Ponto,

140 1439 142 1446 γ
285 1365 324 1426 Ει
338 1370 443 1424 careat
455 1364 536 1424 dulci
549 1361 701 1424 Trinacris
716 1363 819 1440 Hybla
831 1363 955 1440 thymo·

161 1440 167 1452 ‘
245 1449 447 1510 inmemorem
462 1463 553 1522 quam
566 1453 597 1507 te
612 1447 776 1523 quisquam
791 1449 953 1509 convincat
967 1446 1065 1508 amici.
1109 1455 1111 1460 ’

285 1532 352 1594 Νοιι
367 1533 409 1592 ita
423 1538 494 1592 sunt
510 1530 563 1591 lati
578 1532 708 1592 stamina
721 1531 812 1606 nigra
823 1533 893 1592 mei

202 1626 238 1680 25
245 1615 291 1676 Tu
306 1621 415 1690 tamem
435 1622 472 1675 ut
480 1615 587 1691 possis
601 1615 699 1676 salsae
714 1630 840 1692 quoque
854 1615 969 1692 pellere
983 1615 1094 1692 culpae

286 1699 427 1772 Crimina,
452 1697 537 1774 quod
551 1714 614 1758 non
632 1715 667 1760 es
681 1715 721 1758 ne
735 1699 871 1774 videare,
894 1712 979 1760 cave.

243 1767 345 1858 thue
360 1782 536 1844 solebamus
553 1798 734 1844 consumere
748 1784 841 1858 longa
854 1781 1013 1860 loquendo

1249 2257 1250 2306 t

284 1867 443 1942 Tempora,
469 1866 604 1928 sermoni
619 1867 780 1928 deficiente
795 1867 854 1942 die,

245 1947 298 2010 Sic
312 1950 389 2010 ierat
402 1965 439 2010 ac
451 1951 567 2010 reserat
579 1951 687 2013 tacitas
702 1965 784 2012 nunc
798 1951 897 2012 littera
912 1965 1016 2027 voces,

201 2039 237 2095 00
286 2033 324 2094 Et
338 2040 487 2109 peragant
498 2035 622 2131 linguae
637 2033 742 2100 charta
752 2049 922 2109 manusque
935 2034 1030 2095 vices.

244 2117 332 2194 Quod
348 2117 422 2192 fore,
446 2133 485 2178 ne
500 2118 625 2180 ιιιιιιιιιιιι
639 2118 808 2178 videari
761 2119 792 2179 di
795 2118 917 2195 illdere,
941 2117 1042 2194 sitque

284 2201 436 2262 Versibus
450 2201 510 2263 hoc
524 2201 633 2280 paucis
648 2201 847 2264 admonuisse
861 2204 946 2278 salis,

244 2284 362 2360 Accipe
377 2301 438 2360 quo
455 2300 580 2361 semper
592 2283 695 2348 linitur
710 2287 841 2362 epistola
853 2286 960 2362 verbo,

285 2369 388 2444 Atque
402 2370 479 2429 meis
494 2368 606 2431 distent
619 2377 654 2431 ut
668 2378 719 2432 tua
734 2371 804 2444 iota,
826 2372 909 2432 valet
971 2411 980 2420 *-

163 2497 234 2591 14·
247 2497 372 2603 Quanta
385 2535 439 2596 tibi
454 2535 592 2598 dederim
607 2538 721 2599 nostris
736 2545 934 2600 monumenta
947 2539 1068 2633 libellis,

288 2617 311 2678 0
326 2619 399 2680 nihi
414 2636 463 2682 me
478 2621 623 2682 coniunx
628 2621 736 2696 carior,
758 2622 830 2699 ipsa
843 2624 944 2684 vides.

242 2703 389 2764 Detrahat
402 2705 519 2767 auctori
533 2703 688 2767 multuml
674 2708 805 2782 l,ortuna
825 2707 943 2768 licebit·

281 2788 326 2848 Tu
340 2790 462 2852 umen
455 2789 577 2865 ingenio
593 2790 788 2851 dissererem
801 2807 880 2853 meo.
988 2831 991 2834 -
1027 2843 1031 2846 .

219 2871 387 2947 anumque
402 2874 496 2948 legar,
518 2889 637 2934 mecum
651 2875 765 2950 pariter
777 2881 830 2936 tua
844 2876 925 2936 lama
941 2875 1066 2952 legetur,
1091 2895 1094 2904 ·

284 2953 348 3014 Nee
360 2961 451 3030 potes
465 2957 496 3016 in
511 2963 646 3019 maestos
662 2959 760 3021 omnis
774 2959 860 3020 abire
874 2959 979 3035 rogos.

246 3037 382 3114 Cumque
398 3039 453 3100 viri
469 3055 543 3102 casu
558 3043 664 3118 possis
678 3043 853 3105 miseranda
866 3043 974 3118 videri,
1035 3097 1037 3100 .

285 3121 427 3184 Invenies
442 3125 572 3202 aliquas,
597 3143 676 3201 quae
692 3127 775 3203 quod
790 3143 834 3203 es,
858 3143 929 3188 esse
942 3125 1051 3189 velint=
1076 3149 1079 3154 Δ

236 3206 331 3281 Quae
344 3213 383 3280 te,
406 3216 580 3271 nostrorum
595 3226 665 3271 cum
680 3211 725 3272 sis
739 3213 769 3270 in
786 3217 873 3287 parte
887 3212 1046 3282 malorum,

134 3349 135 3352 ,
203 3297 239 3352 10
286 3289 419 3353 Felicem
433 3293 535 3354 dicant
549 3294 770 3370 invideantque
783 3295 847 3356 tibi.
1094 3307 1096 3310 ·

73 3385 81 3398 ’
175 3371 313 3436 ·N0n
327 3389 385 3450 ego
400 3376 483 3438 divit·
464 3386 522 3438 tras
538 3377 642 3438 dando
657 3378 709 3438 tibi
724 3381 813 3454 plura
828 3379 1000 3440 dedissem·

201 3537 202 3542 ἵ
285 3456 395 3520 Divitis
411 3461 451 3581 ad
465 3451 579 3554 manes
587 3463 628 3522 nil
644 3463 721 3524 leret
734 3463 843 3527 mnbra
857 3478 944 3528 suos
