2520 4012
433 191 483 266 ill,
508 186 536 267 l,
558 188 673 269 62—3,
694 189 746 256 23.

161 343 203 408 Ut
216 342 268 402 via
282 339 368 402 linita
383 350 432 403 est
446 349 476 404 et
490 359 569 420 opus
583 344 735 420 requievit
751 341 854 423 eundi,

204 426 243 490 Et
256 440 378 502 poenae
391 426 482 487 tellus
497 434 544 488 est
560 426 632 487 milri
646 435 728 490 tecte
744 445 840 503 meae,

162 510 211 572 llil
225 510 284 570 nisi
299 508 376 570 llere
391 509 479 584 libet,
493 525 550 570 nec
566 519 671 572 nostro
683 513 808 587 parcior
822 511 920 573 imber

109 603 147 660 πο
201 593 345 668 Lumine,
366 594 406 654 de
420 609 513 654 verna
528 611 618 670 quam
633 595 704 655 nive
718 604 820 656 manat
833 613 924 671 aqua.

163 680 263 741 Roma
278 678 452 752 domusque
466 677 546 738 subit
562 679 810 755 desideriumque
825 680 971 756 locorum,

208 760 360 836 Quicquid
374 767 405 821 et
419 761 534 822 amissa
548 769 644 824 restat
662 763 693 822 in
708 761 784 824 urbe
798 763 867 823 mei.

163 844 200 905 Ei
215 843 301 918 mihi,
312 843 406 920 ¹quod
421 846 517 904 nostri
532 847 644 908 totiens
660 846 785 922 pulsata
797 845 930 922 sepulcri

206 928 317 998 Ianua,
338 927 396 988 sed
410 929 494 988 nullo
509 935 649 1004 tempore
669 937 776 1006 aperta
790 931 859 990 luitt
941 993 942 998 γ

112 1017 148 1072 25
164 1011 223 1072 cur
237 1025 295 1085 ego
314 1017 359 1072 tot
376 1011 498 1086 gladios
513 1013 575 1089 lugi
590 1013 764 1086 totiensque
778 1013 891 1074 minata

208 1093 314 1155 Obruit
326 1095 433 1154 infelix
448 1096 533 1157 nulle
546 1096 683 1173 procelle
702 1103 815 1171 coputt
860 1147 863 1154 .

94 1227 97 1234 ,
163 1177 217 1254 Di,
239 1193 317 1252 quos
338 1177 483 1254 experior
502 1180 626 1241 nimium
640 1185 816 1240 constanter
831 1179 964 1254 iniquos,

205 1259 375 1336 participes
390 1262 455 1321 irae
470 1277 549 1335 quos
565 1263 643 1324 deus
662 1277 744 1323 unus
755 1262 856 1336 hebet,

162 1341 377 1420 Exstimulate,
392 1359 519 1422 precor,
541 1347 695 1408 cessantia
708 1344 772 1406 lata
789 1346 913 1421 meique

112 1433 148 1488 30
202 1425 343 1489 interitus
358 1430 481 1490 clausas
496 1445 568 1492 esse
587 1437 688 1493 vetate
704 1429 803 1490 forest

485 1541 686 1550 .------.-—--.

99 1563 142 1662 3·
164 1563 253 1660 Haec
267 1615 351 1676 mea,
371 1601 399 1660 si
414 1615 491 1662 cusu
505 1598 643 1675 miraris,
658 1600 790 1677 epistola
807 1614 901 1675 quare

205 1683 339 1745 Alterius
354 1683 457 1758 digitis
477 1683 593 1759 scripte
607 1683 672 1760 sit,.
682 1699 775 1759 aeger
794 1698 886 1743 erum.

162 1766 264 1842 Aeger
282 1769 312 1827 in
327 1766 471 1828 extremis
486 1768 581 1844 ignoti
595 1767 732 1842 partibus
748 1766 841 1841 orbis,

205 1851 404 1926 incertusque
423 1866 511 1912 meae
530 1866 630 1928 paene
644 1851 751 1914 salutis
767 1866 859 1911 erem.

125 1941 144 1994 t
162 1931 325 2008 putamini
344 1950 425 1995 nnnc
440 1935 530 1996 animi
551 1935 617 1995 dira
630 1938 756 2012 regione
775 1935 885 1996 iacenti

204 2017 287 2078 inter
302 2017 500 2080 Sauromatas
515 2033 587 2078 esse
603 2019 760 2094 Getasque
779 2025 890 2094 putest

162 2099 226 2160 Nec
241 2103 360 2162 coelum
373 2102 483 2176 patior,
498 2117 556 2160 nee
571 2102 661 2176 aquis
675 2103 874 2162 adsuevimus
888 2099 965 2172 istis,

205 2184 359 2261 Terraque
373 2185 480 2244 nescio
501 2199 562 2259 quo
582 2199 644 2243 non
665 2187 767 2260 placet
785 2183 855 2258 ipsa
873 2182 976 2243 modo.

163 2267 230 2328 Non
245 2267 356 2328 domus
369 2274 442 2343 epta
457 2269 549 2343 satis,
565 2283 627 2326 non
642 2266 691 2326 hic
707 2265 793 2327 cibus
807 2265 888 2326 utilis
904 2281 1007 2342 aegro,

112 2358 150 2410 10
203 2349 324 2424 Nullus,
345 2352 509 2426 Apollinea
528 2350 580 2426 qui
599 2352 764 2412 levetque
783 2350 908 2410 malum:

131 2488 137 2494 .
162 2433 230 2494 Non
251 2433 303 2510 qui
319 2435 449 2508 soletur,
470 2451 532 2496 non
553 2434 604 2511 qui
624 2433 756 2495 labentia
774 2434 861 2494 tarde

205 2517 356 2594 Tempora
370 2519 524 2579 narrando
540 2520 639 2593 sallat,
658 2517 775 2578 amicus
790 2517 889 2578 adest

162 2601 280 2662 Lassus
300 2601 330 2662 in
352 2601 496 2662 extremis
517 2604 604 2663 iaceo
624 2601 809 2676 populisque
825 2601 975 2675 locisque,

205 2683 244 2746 ut
258 2683 341 2746 subit
355 2686 476 2746 adiecto
490 2702 571 2746 nunc
589 2684 674 2758 mihi,
697 2682 843 2758 quicquid
859 2682 955 2743 abest.

113 2775 149 2829 15
164 2763 272 2830 Omnia
286 2783 354 2829 cum
370 2769 514 2846 subeant,
531 2769 628 2829 vincis
647 2774 749 2827 tomen
769 2765 885 2838 omnia,
906 2765 1050 2840 coniunx,
1117 2753 1125 2760 ’
1157 2769 1159 2772 ’

207 2851 245 2912 Et
257 2853 327 2930 plus
347 2853 499 2913 innostro
515 2859 641 2928 pectore
660 2856 748 2925 parte
761 2857 859 2912 tenes.

163 2935 206 2995 Te
220 2937 332 3010 loquor
346 2937 523 3009 absentem,
539 2943 569 2996 te
583 2951 646 2996 uox
664 2947 735 2994 meu
747 2933 885 2994 nominat
902 2949 1010 3002 unama

205 3017 294 3080 Nullo
312 3021 396 3080 venit
415 3021 526 3081 sinete
546 3033 608 3079 nox
622 3019 710 3092 mihi,
726 3019 808 3077 nulla
822 3017 900 3077 dies.

163 3099 240 3176 Quin
256 3103 346 3164 etiam
361 3103 407 3164 sic
421 3119 470 3164 me
485 3104 589 3166 dicunt
603 3103 703 3163 aliena
722 3099 865 3176 locutum,
896 3117 903 3128 ·

109 3189 147 3247 ro
203 3186 244 3246 Ut
258 3187 338 3248 toret
353 3187 463 3248 amenti
484 3203 595 3247 nomen
615 3187 646 3246 in
666 3199 720 3247 ore
734 3190 827 3244 tuum.

162 3265 195 3328 Si
209 3269 270 3330 iam
286 3270 442 3346 deficiam,
458 3269 689 3347 subpressoque
703 3267 807 3343 lingua
825 3267 927 3343 palato

203 3351 266 3413 Vix
281 3353 427 3416 instillato
442 3353 629 3416 restituendo
642 3368 736 3427 mero,

161 3433 293 3498 Nuntiet.
305 3437 367 3499 huc
379 3438 493 3515 aliquis
508 3438 662 3500 dominam
679 3435 817 3510 venisse,
833 3449 1003 3510 resurgam,
