2520 4008
504 217 532 257 u.
555 201 730 262 out-604.

242 351 382 418 Traditur
396 349 484 411 Icarii
499 363 560 426 quo
576 351 728 414 cecidisse
740 357 846 429 gener.
909 406 912 410 ,

203 441 307 517 thue
320 437 437 512 loquax
451 435 482 495 in
497 451 578 510 equo
595 442 643 496 est
657 437 752 498 elisus
768 444 869 513 guttur
883 451 1003 514 aceruo,

246 521 299 585 Sic
312 519 366 600 tibi
382 517 545 580 claudatur
555 519 668 595 pollice
680 519 770 580 vocis
784 520 850 582 iter.

202 607 265 672 Aut
278 609 312 668 ut
324 601 527 664 Anaxarchus
543 602 607 678 pile
620 603 766 664 minuaris
779 603 813 664 in
827 605 896 679 nite,
935 634 938 638 >

137 699 195 756 otu
248 692 393 762 lectaque
407 702 464 762 pro
478 686 577 747 solitis
594 687 733 764 frugibus
749 702 825 748 ossa
838 696 960 750 sonent.

203 774 304 850 thue
316 776 435 847 patrem
446 768 644 846 Psamathes,
660 771 775 832 condat
787 778 818 848 to
828 769 975 834 Phoebus
990 771 1021 832 in
1036 774 1097 834 ime

242 859 376 927 lauare.
406 854 496 929 quod
505 859 594 916 natae
608 857 723 916 iecerat
735 855 786 915 ille
801 871 885 917 sune.

204 944 300 1016 Inque
314 944 385 999 tuos
400 953 438 998 es
450 937 548 1014 pestis
564 946 628 1014 eet,
646 943 737 1018 qu'snr
752 938 860 1000 derura
875 939 1004 1002 Coroebi

246 1023 342 1097 Vicit,
356 1035 451 1098 ‘opem
463 1021 585 1082 miseris
599 1022 817 1098 Argolicisque
830 1023 906 1085 tulit

137 1113 190 1171 575
204 1109 305 1182 thue
319 1121 417 1182 nepos
432 1105 582 1180 Aetlnrae,
595 1107 727 1166 Veneris
741 1107 906 1169 morittuus
921 1105 961 1166 ob
975 1106 1061 1182 iram,

241 1190 321 1252 Exul
335 1189 373 1249 ab
388 1189 522 1252 attonitis
537 1189 700 1252 excutiaris
715 1189 816 1265 equis.

199 1273 327 1352 Propter
342 1289 419 1354 opes
433 1286 562 1348 magnas
575 1280 609 1334 ut
622 1273 755 1349 perdidit
768 1273 886 1350 hospes
898 1273 1059 1348 alumnum,

241 1357 353 1418 Perdat
367 1356 407 1417 ob
422 1357 550 1432 exiguas
564 1362 596 1416 te
608 1363 679 1418 tuus
693 1356 812 1433 hospes
827 1371 915 1434 opes.

200 1441 300 1518 thue
315 1442 414 1504 ferunt
429 1455 540 1502 caesos
555 1455 612 1502 sex
627 1455 696 1502 cum
708 1440 968 1504 Damasichthone
981 1443 1103 1516 iratres,

134 1533 190 1590 580
244 1526 377 1586 15055550
389 1530 490 1586 tecum
502 1525 551 1584 sic
565 1539 662 1599 genus
679 1531 768 1585 omne
782 1531 875 1587 tuum.

200 1609 330 1669 Addidit
342 1615 376 1668 ut
390 1608 502 1670 fidicen
515 1607 638 1671 miseris
654 1609 935 1686 sustinueramus,

243 1691 295 1754 Sic
307 1691 362 1751 tibi
376 1693 437 1753 sint
450 1692 531 1752 vitae
545 1693 648 1753 taedia
661 1693 743 1754 iusta
755 1697 836 1754 tuae.

199 1775 278 1837 Utve
292 1791 384 1836 soror
393 1775 519 1852 Pelopis
533 1791 610 1836 saxo
626 1775 746 1840 dureris
762 1775 879 1850 oborto,

218 1899 224 1904 -
241 1859 279 1920 Et
293 1860 396 1922 laesus
411 1859 515 1935 lingue
528 1857 635 1920 Battus
649 1858 688 1918 ab
703 1859 772 1936 ipse
787 1869 854 1920 sua.

134 1949 190 2006 505
203 1942 287 2004 Aera
301 1943 328 2004 si
342 1943 438 2004 misso
453 1942 605 2018 liquidum
618 1941 792 2004 iaculabere
806 1943 903 2018 disco,

242 2026 308 2101 Quo
323 2043 400 2104 puer
414 2025 578 2088 Oebalides
592 2028 676 2102 ictus·
685 2025 724 2085 ab
740 2026 814 2086 orbe
830 2027 935 2087 cadus.

77 2188 80 2193 ,
199 2109 297 2186 Siqua
316 2125 371 2186 per
385 2112 522 2184 alternos
541 2109 713 2187 pulsabitur
727 2110 811 2169 undu
824 2110 966 2184 lacertos,

242 2192 346 2256 Omnis
365 2193 520 2270 Abydena
535 2194 574 2255 sit
588 2193 642 2255 tibi
661 2193 748 2268 peior
767 2208 858 2266 aqua.

199 2277 340 2338 Comicus
357 2282 391 2340 ut
404 2276 515 2338 mediis
531 2277 637 2354 periit,
659 2276 732 2340 dum
748 2275 855 2350 nabat,
876 2277 907 2334 in
921 2273 1023 2350 undis,

130 2368 185 2424 590
242 2360 280 2420 Et
298 2365 351 2423 tue
369 2361 413 2420 sic
433 2359 561 2440 Stygius
578 2359 748 2434 strangulet
760 2374 815 2419 555
831 2359 941 2436 liquor.

196 2443 259 2505 Aut
270 2444 325 2504 ubi
338 2451 501 2506 ventosum
516 2443 673 2521 supereris
689 2443 854 2518 naufragus
874 2457 1001 2519 aequor,

241 2527 386 2588 Contacta
399 2543 527 2604 pereas,
542 2535 577 2589 ut
586 2526 762 2602 Palinurus,
776 2526 879 2586 humo.

197 2610 299 2684 thue
318 2610 531 2673 cothurnatum
546 2617 649 2671 vatem
666 2610 760 2672 tutele
775 2609 900 2682 Dianae,

239 2693 370 2766 Dilaniet
382 2694 509 2769 vigilum
522 2701 553 2755 te
567 2708 691 2770 quoque
705 2691 794 2752 turbu
812 2701 931 2750 canton.

126 2785 182 2840 595
196 2778 259 2837 Aut
271 2783 305 2837 ut
317 2775 490 2838 Trinacrius
505 2777 600 2840 salies
615 2789 709 2851 super
723 2790 778 2835 ora
796 2773 937 2848 gigantis,

237 2859 370 2920 Plurima
388 2877 450 2937 qua
463 2856 603 2922 flammas
620 2859 739 2920 Sicanis
754 2857 855 2919 Aetna
868 2857 978 2918 vetnit.

196 2942 408 3018 Diripiantque
427 2950 498 3006 tuos
513 2945 631 3006 insanis
646 2941 800 3018 unguibus
816 2947 900 3002 artus

237 3023 433 3104 Strymoniae
447 3033 577 3104 matres,
594 3026 735 3103 Orpheos
750 3040 822 3089 esse
837 3031 930 3086 ratae.

193 3107 288 3170 Natus
303 3115 337 3170 ut
349 3109 498 3172 Althaeae
512 3109 643 3174 flammis
663 3108 841 3170 absentibus
857 3109 940 3182 arsit,

124 3197 182 3256 000
239 3191 291 3253 Sic
303 3200 374 3270 tuus
392 3196 536 3256 ardescat
554 3195 665 3272 stipitis
680 3195 751 3268 igne
765 3209 868 3268 rogus.
1000 3199 1002 3204 “

192 3277 233 3338 tu
246 3291 328 3338 nova
341 3277 491 3342 Phasiaca
505 3293 688 3356 comprensa
704 3283 752 3339 est
765 3283 861 3354 nupta
875 3290 1002 3350 corona,

237 3359 340 3438 thue
354 3369 442 3439 peter
456 3371 584 3439 nuptae,
601 3365 731 3438 cumque
750 3365 877 3437 parente
892 3358 1000 3420 domus
1009 3378 1023 3412 s·

189 3445 231 3507 Ut
246 3461 339 3507 cruor
352 3445 520 3510 Herculeos
536 3447 609 3508 abiit
623 3445 753 3507 diffusus
769 3445 800 3504 in
815 3451 913 3504 anus:

236 3529 374 3607 Corpora
387 3533 566 3612 pestiferum
581 3532 626 3593 sic
639 3538 694 3596 tue
706 3530 790 3614 uirus
806 3526 885 3586 edat.
