2454 4004
142 249 205 314 340
251 281 253 290 ⁴
491 249 816 312 HALtEtJthott

224 399 363 481 Polypus
377 389 483 464 haeret
498 411 528 464 et
541 403 599 464 hac
614 403 708 463 eludit
722 404 798 464 retia
812 403 930 478 fraude

223 487 262 548 Et
276 485 333 548 sub
350 487 418 562 lege
433 487 492 546 ioci
507 487 600 548 sumit
614 493 773 560 mutatque
787 488 934 564 colorem,

225 569 355 647 Semper
368 571 397 630 ei
412 570 520 632 similis
536 585 626 645 quem
641 569 776 645 contigit.
804 577 898 646 atque
912 572 966 634 ubi
981 578 1127 650 praedam
1210 629 1211 646 ,

172 663 207 720 ³5
221 653 409 716 Pendentem
429 655 504 714 setis
519 653 630 715 avidus
644 653 740 730 rapit,
755 653 805 714 hic
822 670 949 731 quoque
965 658 1050 736 saliit,
1210 665 1211 738 t

222 737 310 799 Elato
326 738 446 798 calamo
463 753 533 800 cum
549 736 673 797 demum
688 752 829 808 emersus
844 738 876 798 iu
894 755 985 802 auras

219 821 353 882 ,Brachia
368 821 512 881 dissolvit
525 821 765 897 populorumque
778 822 886 898 expuit
898 821 1031 886 hornum.

221 907 263 966 At
276 904 370 979 mugil
385 904 485 967 cauda
497 904 683 980 pendentem
697 903 860 966 everberat
875 919 984 983 escam,

220 988 456 1065 Excussamque
470 988 551 1063 legit.
580 987 686 1063 Lupus
701 987 765 1047 acri
779 989 917 1052 concitus
930 992 976 1054 ira
1060 1063 1062 1067 ¹
1082 1061 1084 1066 ,

171 1077 208 1131 to
221 1073 371 1135 Discursu
387 1073 483 1136 fertur
496 1070 582 1132 vario
598 1070 775 1148 fluctusque
789 1073 922 1135 ferentes

155 1163 163 1177 ·
221 1155 434 1233 Prosequitur,
451 1162 644 1232 quassatque
656 1162 763 1231 caput,
779 1157 851 1218 dum
865 1159 990 1220 vulnere
1005 1173 1128 1222 saevus
1186 1164 1187 1173 ’

220 1240 339 1302 Laxato
354 1241 445 1300 cadat
458 1240 568 1300 hamus
583 1246 614 1298 et
629 1253 683 1300 ora
698 1241 834 1314 patentia
851 1240 980 1317 linquat.
1015 1295 1020 1302 .

160 1325 162 1330 '
220 1321 283 1383 Nec
299 1324 442 1400 proprias
458 1322 540 1384 vires
555 1323 653 1384 nescit
667 1339 794 1383 murena
811 1325 944 1386 nocendi

220 1406 439 1482 Auxiliumque
453 1407 512 1467 sui.
541 1421 648 1468 morsu
662 1421 721 1466 uec
735 1407 876 1478 cominus
891 1408 954 1468 acri

169 1491 204 1545 45
219 1491 344 1566 Deficit,
354 1498 413 1552 aaut
426 1490 546 1550 animos
560 1490 648 1566 ponit
662 1491 786 1566 captiva
798 1491 939 1552 minacis.

220 1574 351 1636 Anthios
365 1573 431 1650 his,
447 1581 533 1650 tergo
549 1588 631 1651 quae
645 1591 707 1635 nou
722 1575 823 1652 videt,
837 1574 930 1638 utitur
943 1577 1048 1651 armis

219 1659 290 1720 Vim
301 1659 414 1734 spinae
427 1658 575 1734 novitque
590 1673 681 1732 suae,
698 1673 852 1736 versoque
866 1659 996 1738 supinus

221 1742 433 1818 Corporelino
447 1749 547 1817 secet,
563 1741 722 1816 fixumque
735 1743 887 1819 intercipit
899 1739 1033 1804 hamum.

263 1825 398 1904 [Cetera
415 1841 501 1900 quae
510 1826 626 1888 densas
640 1825 779 1890 habitant
792 1827 935 1890 animalia
949 1829 1058 1904 siivas,

167 1916 203 1970 50
216 1909 278 1970 Aut
293 1910 363 1970 veni
378 1909 515 1985 quatiunt
530 1925 653 1986 sempor
666 1909 824 1990 lymphato
837 1912 972 1986 timores,
987 1939 990 1944 ·
1059 1947 1063 1960 ι
1210 1991 1211 1998 ¹

218 1993 280 2053 Aut
296 1993 386 2053 trahit
400 1993 430 2054 in
448 2009 599 2071 praeceps
614 2009 678 2054 non
693 2009 770 2054 sona
783 1995 899 2056 ferocia
913 1995 1033 2056 mentis.
1155 1997 1158 2075 ss

217 2077 388 2152 Ipsaqueti
404 2085 512 2140 natura
525 2079 693 2140 mouetvet
712 2077 924 2143 cominusire
1143 2085 1145 2089 ·

217 2160 339 2236 inpiger
354 2175 428 2222 ecco
442 2163 492 2224 teo
506 2170 672 2226 venantum
686 2169 823 2224 sternere
835 2161 936 2238 pergit

219 2244 365 2320 Agmina,
382 2252 413 2308 et
427 2245 570 2310 adversis
583 2245 674 2309 iniere
690 2263 749 2308 sua
763 2252 889 2322 pectora
903 2245 987 2306 telis:

167 2329 201 2382 ⁵5
217 2325 346 2404 Quoque
361 2330 446 2392 veuit
459 2329 560 2392 tideus
576 2331 674 2406 magis
689 2337 720 2391 et
734 2329 882 2390 sublatior
895 2330 992 2402 ardet,
1157 2391 1158 2408 2

218 2409 442 2486 concussitque
455 2419 543 2476 toros
558 2421 589 2476 et
602 2413 719 2476 viribus
735 2413 854 2476 addidit
865 2413 949 2488 iram,
1039 2419 1043 2422 ’
1155 2467 1156 2474 ,

215 2491 349 2556 Procidit
362 2502 455 2570 atque
469 2513 526 2559 suo
543 2505 688 2576 preparat
702 2497 761 2558 sihi
775 2497 888 2559 robore
901 2497 996 2555 letum
1023 2559 1027 2564 ,
1077 2509 1080 2512 ·

215 2575 341 2639 Foedus
354 2578 485 2641 Lucanis
501 2581 691 2656 provolvitur
704 2597 797 2642 ursus
812 2580 851 2641 ab
866 2577 958 2656 antris

218 2660 297 2734 Quid
313 2661 372 2724 nisi
386 2663 511 2739 pondus
526 2664 609 2726 iners
624 2661 818 2738 stolidaeque
832 2661 945 2724 ferocia
962 2659 1102 2720 montier

165 2752 200 2806 60
213 2747 310 2807 Actus
325 2761 401 2823 aper
421 2747 495 2808 setis
510 2748 587 2808 iram
601 2749 764 2809 denunciat
774 2747 861 2810 hirtis
903 2783 904 2788 κ

214 2827 252 2887 Ει
265 2829 325 2892 ruit
338 2831 473 2908 oppositi
488 2832 588 2893 nitens
602 2831 634 2892 in
647 2833 777 2903 vulnera
791 2831 884 2905 ferri,¹

214 2911 346 2976 Pressus
361 2920 392 2974 et
407 2916 525 2980 emisso
540 2917 668 2978 moritur
680 2929 737 2992 per
749 2914 870 2976 viscera
885 2913 955 2974 teto.

215 2997 321 3057 Altera
335 3011 407 3074 pars
422 2999 523 3061 iideus
539 3000 672 3076 pedibus
687 2999 738 3060 dat
752 3005 840 3073 tergo
852 2993 1005 3072 sequenti,

215 3077 255 3140 Ut
269 3081 373 3156 pavidi
387 3081 527 3158 lepores,
541 3077 575 3144 ui
588 3083 672 3142 iuivo
687 3088 809 3158 tergore
823 3080 934 3144 damae

163 3169 199 3230 65
213 3161 251 3222 Et
265 3171 355 3240 capto
371 3163 492 3240 rugiens
512 3182 623 3231 cervus
639 3167 706 3226 sine
720 3167 782 3228 fine
797 3166 913 3238 timore..

214 3247 272 3306 Hic
286 3256 459 3324 generosus
471 3250 573 3312 honos
588 3257 619 3312 et
632 3243 731 3326 gioria
744 3249 843 3310 maior
857 3259 1018 3324 equorum
1210 3291 1211 3318 2

116 3333 121 3339 ’
214 3330 290 3390 Nam
306 3331 431 3406 capiunt
444 3334 553 3394 animis
569 3335 701 3408 patmum
713 3333 910 3408 gaudentque
923 3325 1091 3404 triumpho,
1210 3325 1211 3342 ¹

216 3410 278 3472 Seu
293 3421 413 3489 septem
427 3415 535 3492 spatiis
553 3417 639 3478 Circo
653 3430 792 3480 meruere
807 3424 964 3482 coronam.

215 3493 324 3556 Nonne
341 3497 429 3558 vides
444 3499 542 3560 victor
558 3507 671 3574 quanto
690 3497 848 3570 sublimius
863 3498 957 3558 altum
