2454 4004
171 278 238 344 294
269 214 285 347 ’,
415 231 420 238 ’
553 263 810 334 rnsronunr

299 432 335 490 llt
351 433 459 490 tremat
477 427 508 486 in
523 439 641 485 summa
655 423 725 484 leve
738 435 884 480 cacumen
898 420 1002 482 humo.

232 545 234 548 ·
255 517 300 576 Tu
314 521 382 574 sata
396 509 548 571 sideribus
563 507 639 581 caeli
654 505 765 566 nutrita
778 503 907 565 secundi

298 597 457 669 crescere,
473 593 545 653 dum
560 591 634 650 liant
648 587 777 648 lalcibus
792 595 879 663 apta,
896 587 990 647 sinas.

194 691 246 748 915
260 682 316 741 Vis
330 686 383 740 tua
398 693 460 738 non
476 675 553 736 levis
563 681 624 734 est
653 687 733 748 quae
748 678 782 732 tu
795 672 947 732 frumenta
959 672 1082 746 notasti,

299 763 436 824 Maestus
450 761 481 822 in
498 758 620 818 amissis
634 756 688 815 illa
701 755 831 816 colonus
845 753 947 814 habet.
1039 805 1042 808 .

257 848 320 908 Nec
337 845 417 906 venti
431 850 545 904 tontum
562 839 658 900 ccreri
673 850 820 912 nocuere,
836 853 892 897 nec
907 837 1030 911 imbres,

299 931 362 989 Neu
377 928 424 990 sic
438 939 609 987 marmoreo
625 922 718 998 pallet
732 922 843 983 adusta
856 923 940 997 gelu=

258 1013 424 1088 Quantum,
439 1011 467 1072 si
484 1009 601 1068 culmos
615 1005 700 1066 Titan
715 1005 971 1076 incalfacitudos.
1081 1055 1083 1060 .

192 1113 246 1166 usu
300 1095 384 1157 Tunc
397 1097 484 1155 locus
501 1098 549 1152 est
561 1092 641 1164 irae,
657 1089 729 1149 diva
742 1089 892 1161 timenda,
908 1096 999 1158 tuae.¹

258 1180 369 1252 Parce,
383 1192 509 1253 precor,
525 1174 714 1250 scabrasque
728 1188 837 1233 manus
852 1189 871 1234 a
884 1173 1040 1236 messibus
1054 1173 1149 1248 auter,

301 1263 384 1324 Neve
399 1276 477 1321 noce
493 1258 592 1320 cultis.
620 1272 716 1334 posse
730 1271 844 1317 nocere
858 1263 907 1316 sat
920 1263 976 1316 est.

258 1347 322 1424 Nec
335 1353 457 1406 teneras
473 1349 610 1418 segetes,
626 1340 683 1400 sed
699 1341 807 1400 durum
824 1341 1008 1416 amplectere
1023 1340 1143 1418 terrum,

179 1444 183 1450 ·
302 1427 452 1504 Quodque
467 1432 569 1502 potest
584 1425 661 1485 elios
677 1424 822 1499 perdere,
838 1423 934 1500 perde
949 1424 1040 1500 prior.

191 1524 244 1580 925
258 1512 367 1574 Utilius
381 1509 502 1586 gladios
517 1517 548 1570 et
558 1509 619 1569 tela
632 1508 774 1568 nocentia
788 1523 908 1582 carpes.

282 1623 285 1630 ¹
298 1596 346 1655 Nil
361 1610 439 1670 opus
454 1600 502 1654 est
515 1593 584 1652 illis.
613 1591 675 1653 otia
689 1592 821 1652 mundus
837 1591 908 1666 ugit.

159 1737 163 1742 .
259 1679 384 1740 Sarcula
400 1689 481 1738 nunc
495 1676 653 1751 durusque
666 1675 776 1736 bidens
789 1681 821 1735 et
836 1689 942 1734 vomer
956 1673 1104 1750 aduncus,

299 1762 389 1823 Ruris
406 1777 499 1837 opes,
515 1759 638 1820 niteant.
666 1758 803 1834 inquinet
818 1774 902 1818 arma
916 1759 1003 1820 situs.

259 1847 456 1919 conatusque
470 1843 581 1918 aliquis
596 1844 706 1918 vagina
721 1843 835 1902 ducere
850 1843 969 1916 terrum,

192 1935 245 1992 930
299 1927 487 1988 Adstrictum
505 1929 597 2002 longa
613 1926 724 1988 sentiat
738 1941 809 1998 esse
825 1941 919 1987 mora.

257 2014 297 2072 At
310 2019 341 2071 tu
357 2027 396 2071 ne
410 2010 493 2072 viola
508 2011 664 2070 cererem!
680 2024 865 2086 semperque
882 2009 1010 2073 colonus

299 2095 428 2156 Absenti
443 2093 544 2170 possit
557 2094 681 2155 solvere
695 2100 767 2154 voto
780 2094 857 2154 tibi!

257 2181 389 2240 Dixerat.
418 2177 559 2239 adextra
576 2178 655 2238 viliis
670 2178 801 2238 mantele
816 2177 923 2238 solutis

301 2261 437 2338 Cumque
451 2261 526 2322 meri
541 2268 647 2336 patere
659 2261 734 2322 turis
749 2269 855 2322 acerra
869 2262 933 2322 luit.

192 2348 244 2402 935
257 2347 336 2406 Tura
351 2345 429 2406 locis
443 2346 608 2419 vinumque
623 2344 722 2417 dedit,
741 2343 898 2419 fibrasque
910 2344 1053 2419 bidentis,

217 2465 221 2471 -
297 2427 471 2502 Turpiaque
487 2428 671 2488 obscenae...
686 2429 852 2492 vidimus...
865 2437 936 2490 extu
951 2430 1046 2489 canis.

254 2509 328 2571 Turn
345 2507 417 2571 mihi
434 2510 507 2570 ‘Cur
522 2513 612 2572 detur
625 2513 722 2574 sacris
737 2529 819 2577 nova
838 2513 975 2588 victima,
997 2511 1182 2588 quaerism..

297 2593 522 2668 Quaesieram...
537 2601 676 2657 ‘causum
691 2597 828 2674 pcrcipe’
844 2597 955 2657 flamen
970 2596 1021 2657 ait

255 2679 321 2738 ‘Est
336 2677 442 2754 conis,
457 2679 585 2740 icarium
600 2681 714 2745 dicunt.
745 2697 807 2756 quo
822 2680 924 2750 sidera
939 2687 1020 2741 moto

190 2769 244 2826 oto
298 2762 391 2823 Tosta
405 2762 467 2824 sitit
484 2764 589 2838 tellus,
607 2765 853 2840 praecipiturque
866 2780 968 2839 seges.

254 2845 312 2906 Pro
329 2862 405 2907 cane
420 2845 542 2907 sidereo
557 2849 642 2908 cauis
657 2849 709 2910 bic
721 2849 886 2924 imponitur
899 2863 981 2920 crue,

295 2930 332 2989 Et
348 2945 442 3004 quaro
456 2937 576 3006 pereat,
593 2932 636 2992 nil
650 2933 709 2992 nisi
724 2949 834 2993 nomen
850 2931 966 2992 habet'
1040 2969 1041 2976 .

220 3033 222 3038 ’
326 3059 376 3122 aa
398 3063 454 3123 ur
496 3061 547 3127 ar.
568 3065 623 3126 nc
665 3063 716 3127 es.
737 3063 1027 3126 ammanus

416 3144 467 3208 29.
491 3149 547 3209 Gc
566 3165 654 3210 nvnr
698 3147 749 3213 30.
771 3149 828 3212 lle
850 3163 937 3208 nvor

253 3262 327 3325 Cum
340 3263 471 3344 Phrygis
487 3269 633 3331 Assaraci
647 3269 786 3332 Tithonia
798 3270 891 3330 tratre
906 3269 1013 3330 relicto

294 3344 423 3409 Sustulit
434 3352 573 3414 inmenso
588 3361 635 3412 ter
648 3353 738 3414 iubar
752 3354 828 3414 orba
843 3367 943 3426 suum,

185 3433 237 3487 ⁹45
252 3425 334 3487 Mille
348 3432 432 3491 venit
445 3434 538 3494 variis
553 3434 662 3496 ssorum
678 3437 737 3497 dea
751 3453 832 3497 nexa
847 3435 989 3496 coronis·

295 3510 414 3572 Scaena
427 3514 488 3575 ioci
503 3533 621 3602 morem
632 3520 785 3580 liberioris
799 3519 900 3580 habet
