<?xml version="1.0" encoding="UTF-8"?>
<!DOCTYPE html PUBLIC "-//W3C//DTD XHTML 1.0 Transitional//EN"
    "http://www.w3.org/TR/xhtml1/DTD/xhtml1-transitional.dtd">
<html xmlns="http://www.w3.org/1999/xhtml" xml:lang="en" lang="en">
 <head>
  <title>
</title>
<meta http-equiv="Content-Type" content="text/html;charset=utf-8" />
  <meta name='ocr-system' content='tesseract 3.04.00' />
  <meta name='ocr-capabilities' content='ocr_page ocr_carea ocr_par ocr_line ocrx_word'/>
</head>
<body>
  <div class='ocr_page' id='page_1' title='image "./povidiusnaso01merkgoog_0257.png"; bbox 0 0 2524 4004; ppageno 0'>
   <div class='ocr_carea' id='block_1_1' title="bbox 188 192 902 334">
    <p class='ocr_par' dir='ltr' id='par_1_1' title="bbox 188 192 902 334">
     <span class='ocr_line' id='line_1_1' title="bbox 188 192 902 334; baseline 0.004 -40"><span class='ocrx_word' id='word_1_1' title='bbox 188 192 271 307; x_wconf 74' lang='lat' dir='ltr'>ate</span> <span class='ocrx_word' id='word_1_2' title='bbox 502 229 520 334; x_wconf 12' lang='lat' dir='ltr'>&#39;v</span> <span class='ocrx_word' id='word_1_3' title='bbox 553 229 827 297; x_wconf 75' lang='grc'><strong>’7707007770</strong></span> <span class='ocrx_word' id='word_1_4' title='bbox 883 226 902 268; x_wconf 61' lang='lat' dir='ltr'>x</span> 
     </span>
    </p>
   </div>
   <div class='ocr_carea' id='block_1_2' title="bbox 141 377 1232 3556">
    <p class='ocr_par' dir='ltr' id='par_1_2' title="bbox 171 377 1105 1130">
     <span class='ocr_line' id='line_1_2' title="bbox 275 377 1009 464; baseline -0.004 -12"><span class='ocrx_word' id='word_1_5' title='bbox 275 391 339 452; x_wconf 87' lang='lat' dir='ltr'>Iam</span> <span class='ocrx_word' id='word_1_6' title='bbox 355 389 482 450; x_wconf 80' lang='lat' dir='ltr'>dederat</span> <span class='ocrx_word' id='word_1_7' title='bbox 496 377 603 448; x_wconf 72' lang='lat' dir='ltr'>cantus</span> <span class='ocrx_word' id='word_1_8' title='bbox 618 385 699 447; x_wconf 86' lang='lat' dir='ltr'>iacis</span> <span class='ocrx_word' id='word_1_9' title='bbox 713 387 912 462; x_wconf 84' lang='lat' dir='ltr'>praenuntius</span> <span class='ocrx_word' id='word_1_10' title='bbox 925 387 1009 464; x_wconf 78' lang='lat' dir='ltr'>aies,-</span> 
     </span>
     <span class='ocr_line' id='line_1_3' title="bbox 201 471 1055 548; baseline -0.001 -14"><span class='ocrx_word' id='word_1_11' title='bbox 201 505 203 510; x_wconf 68' lang='lat'>,</span> <span class='ocrx_word' id='word_1_12' title='bbox 222 495 224 498; x_wconf 94' lang='lat'>·</span> <span class='ocrx_word' id='word_1_13' title='bbox 318 474 391 535; x_wconf 85' lang='lat' dir='ltr'>Cum</span> <span class='ocrx_word' id='word_1_14' title='bbox 404 473 540 532; x_wconf 80' lang='lat' dir='ltr'>referunt</span> <span class='ocrx_word' id='word_1_15' title='bbox 551 471 680 531; x_wconf 88' lang='lat' dir='ltr'>iuvenes</span> <span class='ocrx_word' id='word_1_16' title='bbox 695 471 727 529; x_wconf 90' lang='lat' dir='ltr'>iu</span> <span class='ocrx_word' id='word_1_17' title='bbox 742 486 800 530; x_wconf 90' lang='lat' dir='ltr'>sua</span> <span class='ocrx_word' id='word_1_18' title='bbox 813 479 914 530; x_wconf 88' lang='lat' dir='ltr'>castra</span> <span class='ocrx_word' id='word_1_19' title='bbox 931 474 1055 548; x_wconf 87' lang='lat' dir='ltr'>pedem.</span> 
     </span>
     <span class='ocr_line' id='line_1_4' title="bbox 277 553 1007 634; baseline -0.001 -16"><span class='ocrx_word' id='word_1_20' title='bbox 277 557 416 634; x_wconf 83' lang='lat' dir='ltr'>Carpitur</span> <span class='ocrx_word' id='word_1_21' title='bbox 429 555 574 616; x_wconf 87' lang='lat' dir='ltr'>attonitos</span> <span class='ocrx_word' id='word_1_22' title='bbox 589 553 725 628; x_wconf 86' lang='lat' dir='ltr'>absentis</span> <span class='ocrx_word' id='word_1_23' title='bbox 740 555 872 628; x_wconf 79' lang='lat' dir='ltr'><strong>imagine</strong></span> <span class='ocrx_word' id='word_1_24' title='bbox 887 570 1007 626; x_wconf 75' lang='grc'><strong>00770770,</strong></span> 
     </span>
     <span class='ocr_line' id='line_1_5' title="bbox 171 637 1086 713; baseline -0.005 -9"><span class='ocrx_word' id='word_1_25' title='bbox 171 659 173 663; x_wconf 75' lang='grc'>’</span> <span class='ocrx_word' id='word_1_26' title='bbox 206 651 259 707; x_wconf 86' lang='grc'>770</span> <span class='ocrx_word' id='word_1_27' title='bbox 314 641 374 700; x_wconf 89' lang='grc'><strong>1110.</strong></span> <span class='ocrx_word' id='word_1_28' title='bbox 402 639 577 700; x_wconf 75' lang='lat' dir='ltr'>recordanti</span> <span class='ocrx_word' id='word_1_29' title='bbox 591 639 680 712; x_wconf 87' lang='lat' dir='ltr'>ptura</span> <span class='ocrx_word' id='word_1_30' title='bbox 694 637 854 712; x_wconf 81' lang='lat' dir='ltr'>magisque</span> <span class='ocrx_word' id='word_1_31' title='bbox 867 639 999 713; x_wconf 84' lang='lat' dir='ltr'>ptaeeut</span> <span class='ocrx_word' id='word_1_32' title='bbox 1083 671 1086 676; x_wconf 95' lang='lat'>·</span> 
     </span>
     <span class='ocr_line' id='line_1_6' title="bbox 219 717 1063 797; baseline -0.003 -10.855"><span class='ocrx_word' id='word_1_33' title='bbox 219 721 328 792; x_wconf 82' lang='grc'>810</span> <span class='ocrx_word' id='word_1_34' title='bbox 342 723 430 795; x_wconf 70' lang='lat' dir='ltr'>sedit,</span> <span class='ocrx_word' id='word_1_35' title='bbox 454 723 500 782; x_wconf 86' lang='lat' dir='ltr'>sie</span> <span class='ocrx_word' id='word_1_36' title='bbox 515 722 597 782; x_wconf 88' lang='lat' dir='ltr'>culta</span> <span class='ocrx_word' id='word_1_37' title='bbox 611 721 680 794; x_wconf 88' lang='grc'><strong>1717,</strong></span> <span class='ocrx_word' id='word_1_38' title='bbox 703 721 749 781; x_wconf 86' lang='grc'>010</span> <span class='ocrx_word' id='word_1_39' title='bbox 764 722 894 782; x_wconf 84' lang='lat' dir='ltr'>stamina</span> <span class='ocrx_word' id='word_1_40' title='bbox 908 724 1001 797; x_wconf 76' lang='grc'><strong>770717,</strong></span> <span class='ocrx_word' id='word_1_41' title='bbox 1059 717 1063 722; x_wconf 76' lang='grc'><strong>’</strong></span> 
     </span>
     <span class='ocr_line' id='line_1_7' title="bbox 316 804 1105 882; baseline -0.004 -16"><span class='ocrx_word' id='word_1_42' title='bbox 316 807 479 882; x_wconf 81' lang='lat' dir='ltr'>Neglectae</span> <span class='ocrx_word' id='word_1_43' title='bbox 494 805 573 865; x_wconf 89' lang='lat' dir='ltr'>colio</span> <span class='ocrx_word' id='word_1_44' title='bbox 589 804 634 864; x_wconf 88' lang='lat' dir='ltr'>sic</span> <span class='ocrx_word' id='word_1_45' title='bbox 648 804 771 865; x_wconf 87' lang='lat' dir='ltr'>iacuere</span> <span class='ocrx_word' id='word_1_46' title='bbox 783 821 901 878; x_wconf 87' lang='lat' dir='ltr'>comae,</span> <span class='ocrx_word' id='word_1_47' title='bbox 1102 869 1105 874; x_wconf 62' lang='grc'><strong>,</strong></span> 
     </span>
     <span class='ocr_line' id='line_1_8' title="bbox 246 880 1011 964; baseline -0.003 -13.92"><span class='ocrx_word' id='word_1_48' title='bbox 246 880 341 950; x_wconf 89' lang='lat' dir='ltr'>Hos</span> <span class='ocrx_word' id='word_1_49' title='bbox 355 884 461 950; x_wconf 88' lang='lat' dir='ltr'>habuit</span> <span class='ocrx_word' id='word_1_50' title='bbox 477 890 539 949; x_wconf 87' lang='lat' dir='ltr'>volt</span> <span class='ocrx_word' id='word_1_51' title='bbox 527 895 594 962; x_wconf 83' lang='lat' dir='ltr'>tus,</span> <span class='ocrx_word' id='word_1_52' title='bbox 617 887 694 948; x_wconf 82' lang='lat' dir='ltr'>haee</span> <span class='ocrx_word' id='word_1_53' title='bbox 708 889 750 948; x_wconf 90' lang='lat' dir='ltr'>iiii</span> <span class='ocrx_word' id='word_1_54' title='bbox 766 887 861 948; x_wconf 86' lang='lat' dir='ltr'>verba</span> <span class='ocrx_word' id='word_1_55' title='bbox 882 889 1011 964; x_wconf 80' lang='grc'><strong>17707007,</strong></span> 
     </span>
     <span class='ocr_line' id='line_1_9' title="bbox 273 971 1052 1047; baseline -0.001 -13.942"><span class='ocrx_word' id='word_1_56' title='bbox 273 973 372 1034; x_wconf 84' lang='lat' dir='ltr'>iile</span> <span class='ocrx_word' id='word_1_57' title='bbox 387 973 487 1046; x_wconf 87' lang='lat' dir='ltr'>colar,</span> <span class='ocrx_word' id='word_1_58' title='bbox 507 971 585 1031; x_wconf 85' lang='grc'><strong>17000</strong></span> <span class='ocrx_word' id='word_1_59' title='bbox 599 971 703 1047; x_wconf 82' lang='lat' dir='ltr'>iacies,</span> <span class='ocrx_word' id='word_1_60' title='bbox 725 971 776 1031; x_wconf 87' lang='lat' dir='ltr'>hic</span> <span class='ocrx_word' id='word_1_61' title='bbox 791 971 887 1031; x_wconf 88' lang='lat' dir='ltr'>decor</span> <span class='ocrx_word' id='word_1_62' title='bbox 902 974 964 1032; x_wconf 88' lang='grc'><strong>0710</strong></span> <span class='ocrx_word' id='word_1_63' title='bbox 980 979 1052 1032; x_wconf 86' lang='grc'><strong>0707.</strong></span> 
     </span>
     <span class='ocr_line' id='line_1_10' title="bbox 207 1053 1005 1130; baseline -0.01 -5"><span class='ocrx_word' id='word_1_64' title='bbox 207 1069 258 1127; x_wconf 81' lang='lat' dir='ltr'>tta</span> <span class='ocrx_word' id='word_1_65' title='bbox 272 1059 313 1120; x_wconf 91' lang='lat' dir='ltr'>Ut</span> <span class='ocrx_word' id='word_1_66' title='bbox 329 1059 408 1118; x_wconf 88' lang='grc'><strong>00107</strong></span> <span class='ocrx_word' id='word_1_67' title='bbox 422 1073 440 1114; x_wconf 90' lang='grc'>0</span> <span class='ocrx_word' id='word_1_68' title='bbox 455 1071 566 1130; x_wconf 80' lang='lat' dir='ltr'>magno</span> <span class='ocrx_word' id='word_1_69' title='bbox 580 1053 690 1114; x_wconf 86' lang='lat' dir='ltr'>fluctus</span> <span class='ocrx_word' id='word_1_70' title='bbox 705 1055 906 1129; x_wconf 74' lang='lat' dir='ltr'>languescere</span> <span class='ocrx_word' id='word_1_71' title='bbox 921 1053 1005 1128; x_wconf 85' lang='lat' dir='ltr'>flatu,</span> 
     </span>
    </p>

    <p class='ocr_par' dir='ltr' id='par_1_3' title="bbox 141 1139 1018 1214">
     <span class='ocr_line' id='line_1_11' title="bbox 141 1139 1018 1214; baseline -0.002 -14"><span class='ocrx_word' id='word_1_72' title='bbox 141 1145 144 1162; x_wconf 79' lang='lat'><strong>¹</strong></span> <span class='ocrx_word' id='word_1_73' title='bbox 315 1139 379 1201; x_wconf 87' lang='lat' dir='ltr'>Sed</span> <span class='ocrx_word' id='word_1_74' title='bbox 392 1145 493 1198; x_wconf 87' lang='grc'><strong>7077707</strong></span> <span class='ocrx_word' id='word_1_75' title='bbox 509 1155 527 1198; x_wconf 90' lang='grc'>0</span> <span class='ocrx_word' id='word_1_76' title='bbox 542 1145 643 1213; x_wconf 88' lang='lat' dir='ltr'>vento,</span> <span class='ocrx_word' id='word_1_77' title='bbox 666 1139 723 1212; x_wconf 92' lang='lat' dir='ltr'>qui.</span> <span class='ocrx_word' id='word_1_78' title='bbox 736 1139 799 1214; x_wconf 87' lang='grc'><strong>1717,</strong></span> <span class='ocrx_word' id='word_1_79' title='bbox 819 1139 903 1198; x_wconf 87' lang='lat' dir='ltr'>unda</span> <span class='ocrx_word' id='word_1_80' title='bbox 917 1146 1018 1214; x_wconf 87' lang='lat' dir='ltr'>tumet,</span> 
     </span>
    </p>

    <p class='ocr_par' dir='ltr' id='par_1_4' title="bbox 274 1221 1110 1464">
     <span class='ocr_line' id='line_1_12' title="bbox 275 1221 1075 1298; baseline -0.003 -14"><span class='ocrx_word' id='word_1_81' title='bbox 275 1223 326 1284; x_wconf 89' lang='lat' dir='ltr'>Sic</span> <span class='ocrx_word' id='word_1_82' title='bbox 342 1221 481 1298; x_wconf 89' lang='lat' dir='ltr'>quamvis</span> <span class='ocrx_word' id='word_1_83' title='bbox 496 1222 601 1281; x_wconf 89' lang='lat' dir='ltr'>aberat</span> <span class='ocrx_word' id='word_1_84' title='bbox 619 1223 749 1298; x_wconf 86' lang='lat' dir='ltr'>placitae</span> <span class='ocrx_word' id='word_1_85' title='bbox 763 1223 938 1298; x_wconf 83' lang='lat' dir='ltr'>praeseutia</span> <span class='ocrx_word' id='word_1_86' title='bbox 949 1223 1075 1297; x_wconf 78' lang='lat' dir='ltr'>formae,</span> 
     </span>
     <span class='ocr_line' id='line_1_13' title="bbox 316 1306 1110 1380; baseline -0.001 -14"><span class='ocrx_word' id='word_1_87' title='bbox 316 1307 409 1380; x_wconf 82' lang='lat' dir='ltr'>Quem</span> <span class='ocrx_word' id='word_1_88' title='bbox 426 1307 553 1366; x_wconf 79' lang='lat' dir='ltr'>dederat</span> <span class='ocrx_word' id='word_1_89' title='bbox 567 1321 716 1380; x_wconf 84' lang='lat' dir='ltr'>praesens</span> <span class='ocrx_word' id='word_1_90' title='bbox 731 1307 838 1380; x_wconf 86' lang='lat' dir='ltr'>farma,</span> <span class='ocrx_word' id='word_1_91' title='bbox 861 1306 1003 1367; x_wconf 87' lang='lat' dir='ltr'>manebat</span> <span class='ocrx_word' id='word_1_92' title='bbox 1016 1321 1110 1366; x_wconf 88' lang='lat' dir='ltr'>amor.</span> 
     </span>
     <span class='ocr_line' id='line_1_14' title="bbox 274 1389 980 1464; baseline -0.003 -14"><span class='ocrx_word' id='word_1_93' title='bbox 274 1392 380 1461; x_wconf 86' lang='lat' dir='ltr'>Ardet,</span> <span class='ocrx_word' id='word_1_94' title='bbox 403 1393 433 1448; x_wconf 91' lang='lat' dir='ltr'>et</span> <span class='ocrx_word' id='word_1_95' title='bbox 448 1390 550 1448; x_wconf 88' lang='lat' dir='ltr'>iniusti</span> <span class='ocrx_word' id='word_1_96' title='bbox 565 1390 695 1450; x_wconf 87' lang='lat' dir='ltr'>stimulis</span> <span class='ocrx_word' id='word_1_97' title='bbox 713 1389 843 1464; x_wconf 81' lang='lat' dir='ltr'>agitetur</span> <span class='ocrx_word' id='word_1_98' title='bbox 856 1392 980 1452; x_wconf 76' lang='lat' dir='ltr'>amoris.</span> 
     </span>
    </p>

    <p class='ocr_par' dir='ltr' id='par_1_5' title="bbox 208 1473 1029 1548">
     <span class='ocr_line' id='line_1_15' title="bbox 208 1473 1029 1548; baseline -0.002 -15"><span class='ocrx_word' id='word_1_99' title='bbox 208 1483 261 1541; x_wconf 78' lang='grc'>700</span> <span class='ocrx_word' id='word_1_100' title='bbox 316 1474 478 1548; x_wconf 84' lang='lat' dir='ltr'>comparat</span> <span class='ocrx_word' id='word_1_101' title='bbox 492 1473 616 1548; x_wconf 82' lang='lat' dir='ltr'>indigno</span> <span class='ocrx_word' id='word_1_102' title='bbox 631 1475 757 1548; x_wconf 90' lang='lat' dir='ltr'>vimque</span> <span class='ocrx_word' id='word_1_103' title='bbox 770 1474 936 1548; x_wconf 89' lang='lat' dir='ltr'>dolumque</span> <span class='ocrx_word' id='word_1_104' title='bbox 951 1482 1029 1534; x_wconf 89' lang='lat' dir='ltr'>toro.-</span> 
     </span>
    </p>

    <p class='ocr_par' dir='ltr' id='par_1_6' title="bbox 272 1556 1098 1712">
     <span class='ocr_line' id='line_1_16' title="bbox 272 1556 1098 1640; baseline -0.005 -24"><span class='ocrx_word' id='word_1_105' title='bbox 272 1557 379 1616; x_wconf 85' lang='lat' dir='ltr'>Exitus</span> <span class='ocrx_word' id='word_1_106' title='bbox 394 1557 425 1615; x_wconf 91' lang='lat' dir='ltr'>in</span> <span class='ocrx_word' id='word_1_107' title='bbox 440 1557 533 1640; x_wconf 85' lang='lat' dir='ltr'>dubio</span> <span class='ocrx_word' id='word_1_108' title='bbox 548 1564 605 1616; x_wconf 89' lang='lat' dir='ltr'>cst.</span> <span class='ocrx_word' id='word_1_109' title='bbox 634 1557 837 1618; x_wconf 72' lang='lat' dir='ltr'>‘Audebimus</span> <span class='ocrx_word' id='word_1_110' title='bbox 850 1559 987 1629; x_wconf 71' lang='lat' dir='ltr'>ultimat?</span> <span class='ocrx_word' id='word_1_111' title='bbox 1010 1556 1098 1618; x_wconf 83' lang='grc'><strong>7117177</strong></span> 
     </span>
     <span class='ocr_line' id='line_1_17' title="bbox 314 1641 990 1712; baseline -0.003 -12"><span class='ocrx_word' id='word_1_112' title='bbox 314 1641 460 1712; x_wconf 66' lang='grc' dir='ltr'>ε71100717,</span> <span class='ocrx_word' id='word_1_113' title='bbox 482 1641 630 1702; x_wconf 85' lang='lat' dir='ltr'>audentes</span> <span class='ocrx_word' id='word_1_114' title='bbox 647 1643 751 1700; x_wconf 86' lang='grc'><strong>1070770</strong></span> <span class='ocrx_word' id='word_1_115' title='bbox 767 1641 885 1700; x_wconf 89' lang='lat' dir='ltr'>deusne</span> <span class='ocrx_word' id='word_1_116' title='bbox 899 1641 990 1700; x_wconf 90' lang='lat' dir='ltr'>iuvet.</span> 
     </span>
    </p>

    <p class='ocr_par' dir='ltr' id='par_1_7' title="bbox 147 1723 1070 1801">
     <span class='ocr_line' id='line_1_18' title="bbox 147 1723 1070 1801; baseline -0.002 -16"><span class='ocrx_word' id='word_1_117' title='bbox 147 1781 154 1793; x_wconf 82' lang='grc'><strong>,</strong></span> <span class='ocrx_word' id='word_1_118' title='bbox 275 1723 417 1800; x_wconf 85' lang='lat' dir='ltr'>Cepimus</span> <span class='ocrx_word' id='word_1_119' title='bbox 432 1725 574 1791; x_wconf 86' lang='lat' dir='ltr'>audendo</span> <span class='ocrx_word' id='word_1_120' title='bbox 591 1725 705 1786; x_wconf 85' lang='lat' dir='ltr'>Gabios</span> <span class='ocrx_word' id='word_1_121' title='bbox 721 1729 869 1801; x_wconf 68' lang='lat' dir='ltr'>quoque?</span> <span class='ocrx_word' id='word_1_122' title='bbox 894 1725 977 1784; x_wconf 88' lang='lat' dir='ltr'>Talia</span> <span class='ocrx_word' id='word_1_123' title='bbox 991 1725 1070 1784; x_wconf 84' lang='lat' dir='ltr'>iuius</span> 
     </span>
    </p>

    <p class='ocr_par' dir='ltr' id='par_1_8' title="bbox 205 1809 1121 2300">
     <span class='ocr_line' id='line_1_19' title="bbox 231 1809 1010 1884; baseline -0.001 -16"><span class='ocrx_word' id='word_1_124' title='bbox 231 1854 236 1868; x_wconf 62' lang='lat'><em>„</em></span> <span class='ocrx_word' id='word_1_125' title='bbox 314 1809 397 1866; x_wconf 83' lang='lat' dir='ltr'>Ense</span> <span class='ocrx_word' id='word_1_126' title='bbox 411 1809 490 1866; x_wconf 89' lang='lat' dir='ltr'>latus</span> <span class='ocrx_word' id='word_1_127' title='bbox 505 1809 612 1882; x_wconf 85' lang='lat' dir='ltr'>cinxit,</span> <span class='ocrx_word' id='word_1_128' title='bbox 627 1815 775 1884; x_wconf 83' lang='lat' dir='ltr'>tergaque</span> <span class='ocrx_word' id='word_1_129' title='bbox 789 1809 904 1883; x_wconf 81' lang='lat' dir='ltr'>pressit</span> <span class='ocrx_word' id='word_1_130' title='bbox 918 1809 1010 1884; x_wconf 80' lang='lat' dir='ltr'>equi·</span> 
     </span>
     <span class='ocr_line' id='line_1_20' title="bbox 205 1889 979 1967; baseline -0.003 -15"><span class='ocrx_word' id='word_1_131' title='bbox 205 1900 258 1956; x_wconf 78' lang='grc'>780</span> <span class='ocrx_word' id='word_1_132' title='bbox 271 1891 393 1966; x_wconf 84' lang='lat' dir='ltr'>Accipit</span> <span class='ocrx_word' id='word_1_133' title='bbox 407 1897 510 1950; x_wconf 87' lang='lat' dir='ltr'>aerata</span> <span class='ocrx_word' id='word_1_134' title='bbox 525 1889 665 1958; x_wconf 83' lang='grc'><strong>1070770777</strong></span> <span class='ocrx_word' id='word_1_135' title='bbox 681 1893 807 1952; x_wconf 84' lang='lat' dir='ltr'>Collatia</span> <span class='ocrx_word' id='word_1_136' title='bbox 820 1899 918 1967; x_wconf 87' lang='lat' dir='ltr'>porta,</span> <span class='ocrx_word' id='word_1_137' title='bbox 977 1933 979 1936; x_wconf 28' lang='grc' dir='ltr'>ψ</span> 
     </span>
     <span class='ocr_line' id='line_1_21' title="bbox 316 1975 968 2050; baseline -0.002 -16"><span class='ocrx_word' id='word_1_138' title='bbox 316 1975 455 2034; x_wconf 85' lang='lat' dir='ltr'>Condere</span> <span class='ocrx_word' id='word_1_139' title='bbox 470 1975 529 2034; x_wconf 91' lang='lat' dir='ltr'>iam</span> <span class='ocrx_word' id='word_1_140' title='bbox 544 1976 646 2035; x_wconf 90' lang='lat' dir='ltr'>voltus</span> <span class='ocrx_word' id='word_1_141' title='bbox 661 1977 728 2035; x_wconf 90' lang='lat' dir='ltr'>sale</span> <span class='ocrx_word' id='word_1_142' title='bbox 742 1981 869 2050; x_wconf 84' lang='lat' dir='ltr'>parante</span> <span class='ocrx_word' id='word_1_143' title='bbox 883 1990 968 2034; x_wconf 85' lang='grc'><strong>07700.</strong></span> 
     </span>
     <span class='ocr_line' id='line_1_22' title="bbox 273 2057 1030 2134; baseline -0.005 -16"><span class='ocrx_word' id='word_1_144' title='bbox 273 2057 394 2130; x_wconf 83' lang='grc' dir='ltr'><strong>Ηο0710,</strong></span> <span class='ocrx_word' id='word_1_145' title='bbox 419 2065 450 2119; x_wconf 88' lang='grc'>77</span> <span class='ocrx_word' id='word_1_146' title='bbox 464 2058 596 2134; x_wconf 77' lang='grc'><strong>1700000,</strong></span> <span class='ocrx_word' id='word_1_147' title='bbox 618 2059 672 2120; x_wconf 88' lang='grc'><strong>1017</strong></span> <span class='ocrx_word' id='word_1_148' title='bbox 686 2060 855 2134; x_wconf 87' lang='lat' dir='ltr'>penetralia</span> <span class='ocrx_word' id='word_1_149' title='bbox 869 2059 1030 2119; x_wconf 80' lang='lat' dir='ltr'>Collatiae:</span> 
     </span>
     <span class='ocr_line' id='line_1_23' title="bbox 316 2142 1026 2220; baseline -0.003 -18"><span class='ocrx_word' id='word_1_150' title='bbox 316 2142 446 2202; x_wconf 86' lang='lat' dir='ltr'>Comiter</span> <span class='ocrx_word' id='word_1_151' title='bbox 460 2143 617 2217; x_wconf 87' lang='lat' dir='ltr'>excipitur</span> <span class='ocrx_word' id='word_1_152' title='bbox 647 2143 796 2218; x_wconf 75' lang='lat' dir='ltr'>sauguine</span> <span class='ocrx_word' id='word_1_153' title='bbox 810 2143 930 2202; x_wconf 88' lang='lat' dir='ltr'>iunctus</span> <span class='ocrx_word' id='word_1_154' title='bbox 947 2149 1026 2220; x_wconf 55' lang='lat' dir='ltr'>erat,</span> 
     </span>
     <span class='ocr_line' id='line_1_24' title="bbox 275 2225 1121 2300; baseline -0.004 -15"><span class='ocrx_word' id='word_1_155' title='bbox 275 2225 424 2299; x_wconf 83' lang='lat' dir='ltr'>Quantum</span> <span class='ocrx_word' id='word_1_156' title='bbox 439 2226 546 2286; x_wconf 86' lang='lat' dir='ltr'>animis</span> <span class='ocrx_word' id='word_1_157' title='bbox 563 2228 675 2286; x_wconf 85' lang='lat' dir='ltr'>erroris</span> <span class='ocrx_word' id='word_1_158' title='bbox 691 2227 784 2286; x_wconf 86' lang='grc'><strong>100077</strong></span> <span class='ocrx_word' id='word_1_159' title='bbox 805 2233 893 2300; x_wconf 86' lang='lat' dir='ltr'>perat</span> <span class='ocrx_word' id='word_1_160' title='bbox 908 2226 1006 2287; x_wconf 87' lang='lat' dir='ltr'>inscia</span> <span class='ocrx_word' id='word_1_161' title='bbox 1019 2237 1121 2284; x_wconf 90' lang='lat' dir='ltr'>rerum</span> 
     </span>
    </p>

    <p class='ocr_par' dir='ltr' id='par_1_9' title="bbox 204 2309 858 2382">
     <span class='ocr_line' id='line_1_25' title="bbox 204 2309 858 2382; baseline 0.008 -17"><span class='ocrx_word' id='word_1_162' title='bbox 204 2321 258 2378; x_wconf 79' lang='lat'>790</span> <span class='ocrx_word' id='word_1_163' title='bbox 313 2309 421 2368; x_wconf 87' lang='lat' dir='ltr'>luieiix</span> <span class='ocrx_word' id='word_1_164' title='bbox 440 2312 546 2382; x_wconf 88' lang='lat' dir='ltr'>epulas</span> <span class='ocrx_word' id='word_1_165' title='bbox 562 2311 702 2370; x_wconf 85' lang='lat' dir='ltr'>hostibus</span> <span class='ocrx_word' id='word_1_166' title='bbox 717 2311 768 2369; x_wconf 90' lang='grc'><strong>1110</strong></span> <span class='ocrx_word' id='word_1_167' title='bbox 783 2311 858 2370; x_wconf 84' lang='grc'><strong>07710.</strong></span> 
     </span>
    </p>

    <p class='ocr_par' dir='ltr' id='par_1_10' title="bbox 275 2360 1198 2635">
     <span class='ocr_line' id='line_1_26' title="bbox 276 2360 1198 2479; baseline -0.004 -28"><span class='ocrx_word' id='word_1_168' title='bbox 276 2391 408 2479; x_wconf 72' lang='lat' dir='ltr'>Functus</span> <span class='ocrx_word' id='word_1_169' title='bbox 423 2400 487 2452; x_wconf 89' lang='lat' dir='ltr'>erat</span> <span class='ocrx_word' id='word_1_170' title='bbox 505 2393 646 2467; x_wconf 90' lang='lat' dir='ltr'>dapibus</span> <span class='ocrx_word' id='word_1_171' title='bbox 675 2401 807 2468; x_wconf 87' lang='lat' dir='ltr'>poscunt</span> <span class='ocrx_word' id='word_1_172' title='bbox 821 2411 879 2454; x_wconf 89' lang='lat' dir='ltr'>sua</span> <span class='ocrx_word' id='word_1_173' title='bbox 892 2399 1031 2466; x_wconf 85' lang='lat' dir='ltr'>tempora</span> <span class='ocrx_word' id='word_1_174' title='bbox 1046 2360 1198 2450; x_wconf 76' lang='lat' dir='ltr'>sumnum·</span> 
     </span>
     <span class='ocr_line' id='line_1_27' title="bbox 279 2475 1009 2549; baseline 0.013 -15.426"><span class='ocrx_word' id='word_1_175' title='bbox 279 2475 380 2534; x_wconf 86' lang='lat' dir='ltr'>Nox</span> <span class='ocrx_word' id='word_1_176' title='bbox 395 2481 473 2549; x_wconf 89' lang='grc'><strong>0707,</strong></span> <span class='ocrx_word' id='word_1_177' title='bbox 495 2483 525 2536; x_wconf 88' lang='grc'>07</span> <span class='ocrx_word' id='word_1_178' title='bbox 538 2483 601 2536; x_wconf 88' lang='grc'><strong>7070</strong></span> <span class='ocrx_word' id='word_1_179' title='bbox 614 2477 728 2538; x_wconf 87' lang='lat' dir='ltr'>luminu</span> <span class='ocrx_word' id='word_1_180' title='bbox 742 2480 824 2537; x_wconf 90' lang='lat' dir='ltr'>uuila</span> <span class='ocrx_word' id='word_1_181' title='bbox 839 2478 941 2538; x_wconf 87' lang='lat' dir='ltr'>domo</span> <span class='ocrx_word' id='word_1_182' title='bbox 1005 2532 1009 2543; x_wconf 78' lang='grc'><strong>,</strong></span> 
     </span>
     <span class='ocr_line' id='line_1_28' title="bbox 275 2557 972 2635; baseline 0.001 -17"><span class='ocrx_word' id='word_1_183' title='bbox 275 2557 390 2633; x_wconf 81' lang='lat' dir='ltr'>Surgit,</span> <span class='ocrx_word' id='word_1_184' title='bbox 415 2565 444 2618; x_wconf 89' lang='lat' dir='ltr'>et</span> <span class='ocrx_word' id='word_1_185' title='bbox 459 2566 595 2620; x_wconf 83' lang='lat' dir='ltr'>auratum</span> <span class='ocrx_word' id='word_1_186' title='bbox 612 2561 722 2635; x_wconf 79' lang='lat' dir='ltr'>vagina</span> <span class='ocrx_word' id='word_1_187' title='bbox 736 2561 844 2624; x_wconf 86' lang='lat' dir='ltr'>liberat</span> <span class='ocrx_word' id='word_1_188' title='bbox 858 2575 972 2630; x_wconf 87' lang='lat' dir='ltr'>ensem,</span> 
     </span>
    </p>

    <p class='ocr_par' dir='ltr' id='par_1_11' title="bbox 142 2643 1232 2887">
     <span class='ocr_line' id='line_1_29' title="bbox 142 2643 1232 2720; baseline 0.003 -19"><span class='ocrx_word' id='word_1_189' title='bbox 142 2705 144 2710; x_wconf 67' lang='grc'><strong>,</strong></span> <span class='ocrx_word' id='word_1_190' title='bbox 203 2693 205 2700; x_wconf 79' lang='grc'><strong>,</strong></span> <span class='ocrx_word' id='word_1_191' title='bbox 311 2643 349 2702; x_wconf 87' lang='lat' dir='ltr'>Et</span> <span class='ocrx_word' id='word_1_192' title='bbox 366 2643 673 2726; x_wconf 67' lang='lat' dir='ltr'>venumdabimus,</span> <span class='ocrx_word' id='word_1_193' title='bbox 696 2652 792 2720; x_wconf 88' lang='lat' dir='ltr'>nupta</span> <span class='ocrx_word' id='word_1_194' title='bbox 808 2645 934 2719; x_wconf 88' lang='lat' dir='ltr'>pudica,</span> <span class='ocrx_word' id='word_1_195' title='bbox 954 2650 1033 2702; x_wconf 86' lang='grc'><strong>7700.</strong></span> <span class='ocrx_word' id='word_1_196' title='bbox 1231 2693 1232 2704; x_wconf 31' lang='lat' dir='ltr'>t</span> 
     </span>
     <span class='ocr_line' id='line_1_30' title="bbox 201 2707 1232 2802; baseline -0.01 -9"><span class='ocrx_word' id='word_1_197' title='bbox 201 2723 258 2793; x_wconf 82' lang='grc'>790</span> <span class='ocrx_word' id='word_1_198' title='bbox 271 2725 372 2800; x_wconf 90' lang='lat' dir='ltr'>thue</span> <span class='ocrx_word' id='word_1_199' title='bbox 387 2733 486 2786; x_wconf 87' lang='lat' dir='ltr'>torum</span> <span class='ocrx_word' id='word_1_200' title='bbox 500 2729 621 2802; x_wconf 86' lang='lat' dir='ltr'>pressit,</span> <span class='ocrx_word' id='word_1_201' title='bbox 645 2729 790 2802; x_wconf 72' lang='lat' dir='ltr'>‘Ferrum</span> <span class='ocrx_word' id='word_1_202' title='bbox 804 2729 951 2799; x_wconf 78' lang='lat' dir='ltr'>Lucretia,</span> <span class='ocrx_word' id='word_1_203' title='bbox 968 2740 1086 2790; x_wconf 85' lang='lat' dir='ltr'>mecum</span> <span class='ocrx_word' id='word_1_204' title='bbox 1101 2731 1163 2784; x_wconf 81' lang='lat' dir='ltr'>est!</span> <span class='ocrx_word' id='word_1_205' title='bbox 1231 2707 1232 2802; x_wconf 45' lang='lat' dir='ltr'>i</span> 
     </span>
     <span class='ocr_line' id='line_1_31' title="bbox 314 2807 1232 2887; baseline -0.001 -18"><span class='ocrx_word' id='word_1_206' title='bbox 314 2810 426 2870; x_wconf 88' lang='lat' dir='ltr'>Natus’</span> <span class='ocrx_word' id='word_1_207' title='bbox 438 2811 479 2872; x_wconf 87' lang='grc'>017</span> <span class='ocrx_word' id='word_1_208' title='bbox 493 2812 587 2886; x_wconf 69' lang='lat' dir='ltr'>‘regis</span> <span class='ocrx_word' id='word_1_209' title='bbox 601 2811 847 2887; x_wconf 84' lang='lat' dir='ltr'>Tarquiniusque</span> <span class='ocrx_word' id='word_1_210' title='bbox 861 2811 993 2886; x_wconf 65' lang='lat' dir='ltr'>loquor!</span> <span class='ocrx_word' id='word_1_211' title='bbox 1231 2807 1232 2812; x_wconf 74' lang='grc'>’</span> 
     </span>
    </p>

    <p class='ocr_par' dir='ltr' id='par_1_12' title="bbox 273 2892 1232 3055">
     <span class='ocr_line' id='line_1_32' title="bbox 273 2892 1106 2972; baseline -0.002 -20"><span class='ocrx_word' id='word_1_212' title='bbox 273 2894 328 2953; x_wconf 90' lang='lat' dir='ltr'>iiia</span> <span class='ocrx_word' id='word_1_213' title='bbox 342 2895 425 2954; x_wconf 87' lang='lat' dir='ltr'>nihii.</span> <span class='ocrx_word' id='word_1_214' title='bbox 455 2909 556 2970; x_wconf 91' lang='lat' dir='ltr'>neque</span> <span class='ocrx_word' id='word_1_215' title='bbox 571 2898 651 2955; x_wconf 90' lang='lat' dir='ltr'>enim</span> <span class='ocrx_word' id='word_1_216' title='bbox 666 2911 781 2972; x_wconf 37' lang='lat' dir='ltr'>vocem,</span> <span class='ocrx_word' id='word_1_217' title='bbox 791 2897 936 2972; x_wconf 87' lang='lat' dir='ltr'>viresque</span> <span class='ocrx_word' id='word_1_218' title='bbox 950 2892 1106 2968; x_wconf 89' lang='lat' dir='ltr'>loquendi,</span> 
     </span>
     <span class='ocr_line' id='line_1_33' title="bbox 314 2977 1232 3055; baseline 0.004 -21"><span class='ocrx_word' id='word_1_219' title='bbox 314 2979 375 3034; x_wconf 85' lang='lat' dir='ltr'>Aut</span> <span class='ocrx_word' id='word_1_220' title='bbox 389 2977 504 3050; x_wconf 90' lang='lat' dir='ltr'>aliquid</span> <span class='ocrx_word' id='word_1_221' title='bbox 518 2985 582 3040; x_wconf 90' lang='grc'><strong>7070</strong></span> <span class='ocrx_word' id='word_1_222' title='bbox 597 2987 722 3055; x_wconf 90' lang='lat' dir='ltr'>pectore</span> <span class='ocrx_word' id='word_1_223' title='bbox 737 2980 845 3040; x_wconf 86' lang='lat' dir='ltr'>mentis</span> <span class='ocrx_word' id='word_1_224' title='bbox 860 2979 960 3040; x_wconf 86' lang='lat' dir='ltr'>habet.</span> <span class='ocrx_word' id='word_1_225' title='bbox 1231 3043 1232 3052; x_wconf 16' lang='lat'>¹</span> 
     </span>
    </p>

    <p class='ocr_par' dir='ltr' id='par_1_13' title="bbox 274 3057 1232 3139">
     <span class='ocr_line' id='line_1_34' title="bbox 274 3057 1232 3139; baseline 0 -21"><span class='ocrx_word' id='word_1_226' title='bbox 274 3058 336 3118; x_wconf 88' lang='lat' dir='ltr'>Sed</span> <span class='ocrx_word' id='word_1_227' title='bbox 354 3061 461 3129; x_wconf 87' lang='lat' dir='ltr'>tremit,</span> <span class='ocrx_word' id='word_1_228' title='bbox 479 3069 510 3121; x_wconf 93' lang='lat' dir='ltr'>ut</span> <span class='ocrx_word' id='word_1_229' title='bbox 525 3065 680 3136; x_wconf 85' lang='lat' dir='ltr'>quondam</span> <span class='ocrx_word' id='word_1_230' title='bbox 695 3063 823 3126; x_wconf 83' lang='lat' dir='ltr'>stabulis</span> <span class='ocrx_word' id='word_1_231' title='bbox 838 3065 993 3139; x_wconf 87' lang='lat' dir='ltr'>deprensa</span> <span class='ocrx_word' id='word_1_232' title='bbox 1005 3057 1121 3118; x_wconf 82' lang='lat' dir='ltr'>relictis</span> <span class='ocrx_word' id='word_1_233' title='bbox 1231 3063 1232 3138; x_wconf 62' lang='grc' dir='ltr'><em>ᾗ</em></span> 
     </span>
    </p>

    <p class='ocr_par' dir='ltr' id='par_1_14' title="bbox 152 3139 1232 3223">
     <span class='ocr_line' id='line_1_35' title="bbox 152 3139 1232 3223; baseline 0.006 -24"><span class='ocrx_word' id='word_1_234' title='bbox 152 3219 155 3223; x_wconf 20' lang='lat'><em>¹</em></span> <span class='ocrx_word' id='word_1_235' title='bbox 207 3153 259 3208; x_wconf 77' lang='grc'>000</span> <span class='ocrx_word' id='word_1_236' title='bbox 312 3141 410 3200; x_wconf 85' lang='lat' dir='ltr'>Parva</span> <span class='ocrx_word' id='word_1_237' title='bbox 425 3145 482 3203; x_wconf 90' lang='lat' dir='ltr'>sub</span> <span class='ocrx_word' id='word_1_238' title='bbox 497 3146 608 3208; x_wconf 83' lang='lat' dir='ltr'>infesto</span> <span class='ocrx_word' id='word_1_239' title='bbox 625 3165 692 3207; x_wconf 89' lang='lat' dir='ltr'>cum</span> <span class='ocrx_word' id='word_1_240' title='bbox 707 3147 786 3207; x_wconf 89' lang='lat' dir='ltr'>iacet</span> <span class='ocrx_word' id='word_1_241' title='bbox 799 3163 879 3223; x_wconf 82' lang='lat' dir='ltr'>agna</span> <span class='ocrx_word' id='word_1_242' title='bbox 892 3149 976 3222; x_wconf 89' lang='lat' dir='ltr'>lupo</span> <span class='ocrx_word' id='word_1_243' title='bbox 1026 3169 1030 3174; x_wconf 90' lang='lat'><em>·</em></span> <span class='ocrx_word' id='word_1_244' title='bbox 1065 3149 1075 3156; x_wconf 67' lang='grc'><strong>“</strong></span> <span class='ocrx_word' id='word_1_245' title='bbox 1231 3139 1232 3152; x_wconf 72' lang='grc'>’</span> 
     </span>
    </p>

    <p class='ocr_par' dir='ltr' id='par_1_15' title="bbox 197 3225 1232 3392">
     <span class='ocr_line' id='line_1_36' title="bbox 197 3225 1232 3326; baseline 0.003 -42.238"><span class='ocrx_word' id='word_1_246' title='bbox 197 3225 350 3298; x_wconf 81' lang='lat' dir='ltr'>Quid</span> <span class='ocrx_word' id='word_1_247' title='bbox 366 3226 477 3286; x_wconf 79' lang='grc'><strong>1001077</strong></span> <span class='ocrx_word' id='word_1_248' title='bbox 496 3240 611 3304; x_wconf 64' lang='lat' dir='ltr'>pu0ne</span> <span class='ocrx_word' id='word_1_249' title='bbox 599 3239 630 3292; x_wconf 85' lang='grc'>7</span> <span class='ocrx_word' id='word_1_250' title='bbox 652 3232 818 3292; x_wconf 85' lang='lat' dir='ltr'>vinceturi</span> <span class='ocrx_word' id='word_1_251' title='bbox 818 3231 918 3292; x_wconf 87' lang='lat' dir='ltr'>emina</span> <span class='ocrx_word' id='word_1_252' title='bbox 923 3241 1084 3326; x_wconf 29' lang='lat' dir='ltr'>‘pugnans</span> <span class='ocrx_word' id='word_1_253' title='bbox 1183 3282 1188 3287; x_wconf 84' lang='lat'>.</span> <span class='ocrx_word' id='word_1_254' title='bbox 1231 3239 1232 3320; x_wconf 52' lang='grc'>7</span> 
     </span>
     <span class='ocr_line' id='line_1_37' title="bbox 314 3307 1232 3392; baseline 0.004 -27"><span class='ocrx_word' id='word_1_255' title='bbox 314 3307 448 3367; x_wconf 74' lang='lat' dir='ltr'>Clamet?</span> <span class='ocrx_word' id='word_1_256' title='bbox 463 3313 515 3368; x_wconf 89' lang='lat' dir='ltr'>at</span> <span class='ocrx_word' id='word_1_257' title='bbox 506 3329 536 3371; x_wconf 90' lang='grc'>777</span> <span class='ocrx_word' id='word_1_258' title='bbox 553 3315 667 3386; x_wconf 86' lang='lat' dir='ltr'>dextra,</span> <span class='ocrx_word' id='word_1_259' title='bbox 693 3315 744 3390; x_wconf 94' lang='lat' dir='ltr'>qui</span> <span class='ocrx_word' id='word_1_260' title='bbox 760 3322 849 3390; x_wconf 88' lang='lat' dir='ltr'>vetet,</span> <span class='ocrx_word' id='word_1_261' title='bbox 865 3314 950 3374; x_wconf 87' lang='lat' dir='ltr'>ensis</span> <span class='ocrx_word' id='word_1_262' title='bbox 966 3317 1040 3378; x_wconf 81' lang='lat' dir='ltr'>erat.</span> <span class='ocrx_word' id='word_1_263' title='bbox 1231 3369 1232 3392; x_wconf 32' lang='lat'>2</span> 
     </span>
    </p>

    <p class='ocr_par' dir='ltr' id='par_1_16' title="bbox 272 3389 1232 3556">
     <span class='ocr_line' id='line_1_38' title="bbox 272 3389 1232 3485; baseline 0.004 -37"><span class='ocrx_word' id='word_1_264' title='bbox 272 3389 425 3462; x_wconf 75' lang='lat' dir='ltr'>Effugiatt</span> <span class='ocrx_word' id='word_1_265' title='bbox 446 3393 555 3485; x_wconf 84' lang='lat' dir='ltr'>positis</span> <span class='ocrx_word' id='word_1_266' title='bbox 569 3405 736 3470; x_wconf 76' lang='lat' dir='ltr'>urguentur</span> <span class='ocrx_word' id='word_1_267' title='bbox 750 3407 877 3473; x_wconf 86' lang='lat' dir='ltr'>pectora</span> <span class='ocrx_word' id='word_1_268' title='bbox 891 3395 1010 3472; x_wconf 78' lang='lat' dir='ltr'>palmis,</span> <span class='ocrx_word' id='word_1_269' title='bbox 1124 3447 1126 3451; x_wconf 80' lang='grc'><strong>,</strong></span> <span class='ocrx_word' id='word_1_270' title='bbox 1201 3460 1205 3467; x_wconf 52' lang='grc'><strong>,</strong></span> <span class='ocrx_word' id='word_1_271' title='bbox 1231 3395 1232 3446; x_wconf 72' lang='lat'><em>3</em></span> 
     </span>
     <span class='ocr_line' id='line_1_39' title="bbox 311 3472 1032 3556; baseline 0.014 -26"><span class='ocrx_word' id='word_1_272' title='bbox 311 3472 395 3530; x_wconf 75' lang='lat' dir='ltr'>&#39;iuno</span> <span class='ocrx_word' id='word_1_273' title='bbox 409 3475 538 3546; x_wconf 89' lang='lat' dir='ltr'>primum</span> <span class='ocrx_word' id='word_1_274' title='bbox 554 3485 679 3540; x_wconf 87' lang='lat' dir='ltr'>externa</span> <span class='ocrx_word' id='word_1_275' title='bbox 694 3488 824 3556; x_wconf 84' lang='lat' dir='ltr'>pectora</span> <span class='ocrx_word' id='word_1_276' title='bbox 822 3487 915 3542; x_wconf 86' lang='grc'><strong>70070</strong></span> <span class='ocrx_word' id='word_1_277' title='bbox 929 3495 1032 3540; x_wconf 87' lang='lat' dir='ltr'>manu.</span> 
     </span>
    </p>
   </div>
   <div class='ocr_carea' id='block_1_3' title="bbox 0 0 1266 4004">
    <p class='ocr_par' dir='ltr' id='par_1_17' title="bbox 0 0 1266 4004">
     <span class='ocr_line' id='line_1_40' title="bbox 0 0 1266 4004; baseline 0 0"><span class='ocrx_word' id='word_1_278' title='bbox 0 0 1266 4004; x_wconf 95' lang='lat' dir='ltr'> </span> 
     </span>
    </p>
   </div>
  </div>
 </body>
</html>
