2520 4012
461 223 511 295 IV,
532 220 561 294 25
583 217 698 293 62-3,
721 220 772 282 62.

139 387 177 440 25
188 376 226 435 m
241 371 365 434 veniunt
380 377 495 446 aestus,
519 379 548 432 et
562 389 625 432 nox
640 373 779 432 inmensa
796 372 922 449 videtur,

228 459 390 532 Fessaque
405 456 506 515 iactati
522 456 662 531 corporis
679 472 753 519 ossa
768 457 892 516 dolenti

188 543 255 602 Nou
271 539 416 615 equidem
432 539 546 614 dubito,
569 540 641 616 quin
657 539 733 598 haec
749 545 784 621 et(
795 546 896 600 cetera
911 542 992 616 daut,
1016 603 1020 611 ,

229 627 349 699 Detque
364 629 433 684 tuus
447 624 555 684 maesti
570 623 660 698 signa
675 623 791 686 doloris
807 639 902 696 amor,

189 707 252 768 Nec
266 707 402 768 cruciere
417 707 527 780 mnus,
550 723 642 784 quam
658 723 727 768 cum
742 705 886 767 Tbebaua
901 717 1057 771 cruentum

143 801 180 855 50
229 793 362 852 Hectora
376 791 555 852 Thessalico
571 793 648 851 vidit
661 792 700 850 ab
715 807 774 851 axe
788 793 865 868 rapi.

97 911 100 916 ·
191 876 268 951 Quid
282 883 383 934 tamen
398 876 466 950 ipse
481 889 599 950 precer,
621 876 738 936 dubito.
773 892 829 937 nec
844 877 947 936 dicere
962 893 1099 954 possum,

230 957 380 1020 directum
396 973 488 1033 quem
502 965 532 1018 te
549 960 658 1019 mentis
674 959 788 1020 habere
803 959 902 1020 velim.

189 1040 294 1102 Tristis
309 1048 365 1102 est
386 1041 537 1117 indignor,
562 1044 646 1117 quod
661 1060 729 1102 sum
744 1043 797 1104 tibi
813 1058 907 1105 causa
921 1045 1057 1107 doloris=

230 1127 297 1186 Non
312 1132 369 1186 est
394 1133 425 1186 at
438 1126 554 1186 amisso
570 1127 701 1202 coniuge
717 1127 817 1202 digna,
840 1129 933 1188 iores.

144 1220 178 1275 35
189 1212 234 1270 Tu
250 1226 323 1270 vera
338 1217 390 1270 tua
404 1211 515 1296 damna
530 1211 609 1284 dole,
631 1210 789 1273 mitissima
804 1212 946 1284 coniunx,

229 1293 361 1369 Tempus
377 1301 406 1356 et
421 1310 440 1352 a
453 1294 567 1354 uostris
583 1293 672 1368 exige
688 1293 773 1356 triste
788 1296 885 1369 malis,

188 1377 304 1453 Fleque
319 1393 404 1438 meos
420 1391 522 1438 casus.
554 1385 601 1438 est
616 1378 767 1452 quaedam
782 1376 857 1438 flere
873 1380 1017 1456 voluptas

139 1502 149 1513 .
229 1461 375 1536 Expletur
389 1461 522 1520 lacrimis
538 1462 732 1537 egeriturque
747 1461 844 1524 dulor.

189 1545 291 1620 Atque
304 1545 418 1606 utinam
432 1545 566 1619 lugenda
579 1545 633 1637 tiiu'
648 1562 710 1605 non
727 1547 797 1618 vita,
818 1547 875 1606 sed
890 1557 973 1608 esset

146 1634 183 1688 40
233 1629 411 1700 Mammea
432 1635 529 1688 marte
545 1630 627 1690 iores
644 1632 712 1690 sola
726 1630 832 1690 relicta
844 1639 927 1693 meat

189 1711 319 1789 Spiritus
333 1712 383 1774 hic
399 1720 499 1788 perte
515 1713 629 1788 patrias
646 1713 764 1775 exisset
777 1713 808 1772 in
823 1729 923 1786 auras,

230 1796 426 1874 Sparsisseni
440 1797 583 1858 lacrimae
599 1805 725 1873 pectora
740 1805 845 1859 nostra
859 1799 937 1874 piae.

189 1879 402 1958 Supremaque
417 1881 467 1940 die
482 1888 586 1943 nutum
602 1881 773 1958 spectantia
791 1883 908 1942 caelum

228 1965 389 2028 Texissent
404 1965 489 2040 digiti
504 1965 617 2025 lumina
630 1974 736 2026 nostra
750 1967 802 2042 tui,

138 2055 174 2112 45
185 2048 224 2109 Et
238 2049 314 2108 cinis
329 2050 359 2108 in
373 2049 488 2110 tumulo
502 2049 623 2124 positus
637 2051 783 2112 iacuisset
798 2049 890 2122 avito,

228 2133 382 2208 Tectaque
396 2133 534 2193 nascenti
549 2149 663 2209 corpus
678 2133 805 2194 haberet
818 2133 936 2194 humus.

186 2217 328 2290 Denique
343 2217 413 2276 dum
429 2218 491 2276 vixi
506 2217 573 2280 sine
589 2218 722 2288 crimine,
746 2223 882 2276 mortuus
898 2232 1008 2286 essem,

227 2301 290 2360 Nec
304 2315 373 2360 mea
387 2301 539 2375 supplicio
556 2300 617 2360 vita
631 2301 777 2376 pudenda
792 2301 878 2360 soret.

187 2383 237 2443 Me
251 2384 411 2459 miserum,
433 2385 460 2444 si
475 2393 516 2460 tu,
539 2401 608 2448 cum
623 2385 733 2446 diceris
750 2381 847 2446 exulis
862 2399 949 2458 uxor,

139 2481 178 2534 ⁵0
226 2467 348 2528 Avertis
362 2468 464 2530 vultus
480 2477 510 2532 et
524 2469 605 2529 subit
620 2485 674 2530 ora
687 2469 795 2530 rubor!

186 2551 237 2612 Me
250 2553 404 2626 miserum,
427 2553 454 2612 si
469 2560 559 2629 turpe
573 2560 665 2628 putas
680 2551 754 2612 mihi
768 2559 864 2628 nupta
878 2549 974 2612 videri

228 2635 278 2694 Me
291 2636 446 2708 miserum,
471 2637 498 2697 si
513 2637 616 2698 teiam
630 2637 727 2712 pudet
741 2651 812 2700 esse
827 2643 940 2694 meam!

125 2791 127 2796 ,
186 2720 319 2794 Tempus
333 2720 385 2780 ubi
401 2721 545 2794 est-illud,
570 2737 630 2796 quo
646 2728 675 2779 te
690 2720 803 2778 iactare
818 2718 942 2778 solebas

230 2803 373 2878 coniuge,
397 2821 455 2866 uec
470 2819 581 2866 nomen
596 2803 789 2865 dissimulare
801 2801 881 2861 virit

136 2893 174 2950 55
184 2888 318 2963 Tempus
332 2888 385 2948 ubi
401 2895 463 2962 est,
488 2905 549 2964 quo
562 2895 630 2952 te...
646 2887 704 2946 nisi
719 2902 780 2946 nun
794 2885 842 2944 vis
857 2885 907 2944 illa
922 2884 1066 2960 referri...

228 2971 266 3035 Et
279 2971 350 3045 dici,
371 2973 502 3048 memini,
525 2973 601 3034 iuvit
615 2979 645 3032 et
659 2987 731 3032 esse
746 2976 865 3030 meam?

185 3055 287 3131 thue
302 3055 420 3132 probae
436 3057 561 3133 dignum
576 3062 631 3130 est,
654 3055 736 3116 omni
751 3054 805 3115 tibi
819 3055 891 3115 dote
907 3049 1078 3130 placebam·

224 3140 368 3200 Addebat
383 3141 464 3200 veris
480 3140 573 3200 muita
588 3139 719 3200 faventis
735 3154 830 3199 amor.
876 3147 877 3152 ’

185 3221 257 3296 Nec,
275 3240 365 3298 quem
378 3223 587 3301 praeferres...
602 3224 644 3283 ita
658 3239 709 3283 res
724 3222 778 3284 tibi
793 3236 904 3296 magna
920 3221 1081 3282 videbar...

136 3313 175 3368 60
228 3306 386 3384 Quemque
400 3315 485 3372 tuum
499 3307 605 3368 malles
621 3323 701 3378 esse,
723 3306 772 3384 yir
785 3307 861 3366 alter
875 3314 948 3366 erat.

185 3389 272 3452 Nune
288 3408 467 3468 quoquere
481 3391 604 3469 pudeat,
621 3391 704 3467 quod
719 3391 762 3452 sis
778 3390 850 3450 mihi
865 3395 968 3464 nupta.
989 3395 1120 3462 tuusque

226 3473 295 3536 Non
313 3475 405 3538 debet
420 3475 509 3538 dolor
523 3475 608 3550 hinc,
633 3474 724 3535 debet
740 3473 852 3535 abesse
866 3472 976 3549 pudor.
