2520 4008
488 197 517 238 v.
537 177 716 247 aso-uso.
768 205 770 208 >
818 126 820 130 ⁵
1016 144 1102 255 'roo

207 334 350 400 Proditus
365 332 505 394 inclusae
520 331 618 394 cacus
633 332 671 392 ab
687 349 742 394 ore
756 334 860 396 havisa

167 421 266 499 Quam
280 417 333 496 qui
347 416 431 477 dona
444 415 511 476 tulit
523 415 750 478 Nessec'tincta
762 435 894 494 veneno,

101 514 158 570 llio
213 503 434 576 Euboicasque
448 514 507 562 suo
522 499 673 576 sanguine
684 499 773 562 tinxit
786 519 894 577 aquas.

168 590 229 650 Vel
243 589 283 649 de
297 582 459 663 praecipiti
472 582 580 645 venias
595 583 627 644 10
639 585 766 646 Tartara
780 599 869 659 saxo,

209 673 250 734 Ut
264 669 318 748 qui
332 667 522 730 Socraticum
536 667 577 728 de
588 683 665 730 nece
679 669 753 744 legit
766 684 861 744 opus=
961 723 967 734 ,

173 757 214 818 Ut
228 755 281 832 qui
293 753 433 815 Theseae
447 751 569 814 fallacia
581 752 653 815 vela
667 753 789 815 0001000

210 837 304 900 Vidit.
336 841 371 898 ut
383 834 477 896 Iliaca
489 835 604 898 missus
620 834 658 896 ab
674 851 746 896 aree
759 853 851 913 puer:

102 933 158 989 400
172 924 212 985 110
225 919 323 983 teneri
337 919 455 992 nutrix3
471 918 580 979 eadem
593 924 769 994 matertera,
784 920 899 982 Bacchi
989 972 991 976 s

210 1007 251 1070 Ut
265 1003 315 1068 cui
328 1017 424 1064 causa
437 1002 523 1066 necis
539 1017 627 1064 serra
636 1011 759 1078 reperta
772 1004 843 1067 luit:
874 1035 882 1056 ·

170 1088 280 1152 Invida
295 1101 330 1148 se
344 1085 484 1161 scopulis
498 1092 532 1148 ut
546 1086 632 1162 virgo
648 1086 730 1148 misit
743 1086 782 1148 ab
796 1088 874 1161 altis,

213 1173 339 1234 Dixerat
351 1170 447 1230 invito
463 1183 542 1246 quae
556 1171 637 1230 mala
649 1169 746 1232 verba
760 1171 831 1232 deo.

171 1255 246 1319 Feta
258 1254 313 1316 tibi
327 1259 470 1320 occurrat
481 1253 581 1335 patrio
596 1255 758 1330 popularis
773 1255 804 1315 in
819 1271 906 1330 arvo,

104 1345 162 1402 500
216 1339 323 1414 Sitque
335 1335 523 1398 Phalaeceae
538 1351 634 1400 causa
647 1338 756 1399 leaena
768 1340 865 1401 necis.

172 1423 292 1500 Quique
305 1420 502 1498 Lycurgiden
516 1421 635 1495 letavit,
643 1428 681 1483 et
695 1422 805 1484 00οο00
818 1429 932 1497 natum,

211 1507 402 1582 ldmonaque
415 1504 580 1579 audacem,
596 1511 626 1568 tc
642 1522 769 1582 quoque
780 1513 902 1584 rumpat
915 1521 999 1584 aper.
1083 1551 1093 1574 ,

169 1591 264 1667 Isque
277 1590 328 1650 vel
343 1588 493 1650 exanimis
508 1589 600 1649 iaciat
613 1589 667 1650 tibi
680 1592 805 1665 vulnus,
821 1596 854 1650 ut
867 1591 918 1665 illl,

214 1674 274 1735 Ora
287 1688 381 1750 super
394 1672 449 1734 fixi
464 1687 556 1748 quem
571 1671 711 1734 cecidere
724 1674 800 1736 suis.

104 1756 359 1834 50581νο101οι0,
375 1756 465 1818 simili
478 1755 570 1832 pinus
586 1772 677 1832 quem
691 1765 788 1820 morte
803 1757 939 1834 peremit,

214 1840 320 1920 Phryx
334 1847 364 1902 et
377 1839 827 1926 0000100010,Βο000000100100.

171 1923 270 1986 Silua
285 1923 444 2001 contigerit
457 1923 578 1986 Minoas
592 1924 708 2002 puppis
723 1940 843 1998 arenas,

211 2007 255 2068 Te
269 2008 473 2087 Corcyraeum
487 2008 611 2070 Cressia
623 2010 713 2070 turba
727 2016 821 2085 putet.

169 2090 402 2168 Lapsuramque
417 2093 542 2154 domun
556 2092 685 2165 subeas,
699 2100 733 2154 ut
746 2093 873 2169 sanguis
887 2091 1012 2164 Aleuae,

102 2185 159 2238 510
214 2172 311 2236 Stella
323 2176 536 2254 Leoprepidae
551 2192 620 2238 cum
634 2177 689 2236 luit
702 2191 802 2252 acqua
816 2177 892 2236 viro.
991 2180 992 2183 ’

167 2257 271 2334 thue
283 2260 334 2322 vel
346 2259 488 2334 Euenus,
502 2256 628 2324 tomenti
641 2259 767 2322 ilunine
780 2273 900 2322 mersus

210 2341 340 2404 Nomina
354 2344 410 2404 des
424 2343 561 2420 rapidae,
576 2345 627 2404 rel
638 2343 806 2418 Tiberinus,
822 2357 932 2418 aquae.

167 2425 398 2502 Astacidaeque
411 2427 505 2489 modo
521 2427 627 2490 decisa
642 2429 793 2488 cadavere
807 2435 924 2500 000000,

213 2511 313 2586 Digna
326 2511 414 2587 ieris,
427 2509 561 2574 hominis
577 2512 618 2573 sit
631 2518 724 2587 caput
738 2525 812 2573 esea
824 2519 918 2585 tuum,

99 2595 156 2652 515
171 2591 323 2670 Quodque
336 2594 438 2676 lentat
449 2593 584 2657 Brotean
597 2595 712 2658 iecisse
726 2595 870 2670 cupidine
883 2595 1000 2669 mortis,
1058 2625 1097 2639 -

209 2677 272 2738 Des
286 2685 340 2740 tua
353 2692 525 2744 succensae
538 2678 675 2740 mambra
688 2678 853 2739 cremanda
866 2693 973 2756 pyrae.

166 2759 372 2839 Inclususque
385 2777 494 2826 necem
508 2777 605 2825 cavea
619 2761 762 2840 patiaris,
776 2767 809 2822 ut
819 2760 870 2822 ille

208 2843 276 2905 Non
290 2847 485 2922 proiecturae
499 2847 640 2910 conditor
653 2845 808 2907 historiae.

166 2925 270 3003 thue
283 2931 434 3006 repertori
448 2931 553 2994 nocuit
567 2929 717 3007 pugnacis
733 2928 835 3004 iambi,

99 3015 154 3070 520
211 3010 263 3072 Sic
277 3013 361 3075 sitin
376 3015 500 3076 eutium
514 3015 619 3091 lingua
632 3021 777 3091 proterva
790 3019 884 3075 tuum.

166 3094 269 3172 thue
283 3111 394 3173 parum
406 3097 509 3160 stabili
525 3099 578 3176 qui
592 3097 727 3160 carmine
740 3097 830 3160 laesit
843 3095 990 3170 Allienus,

206 3179 329 3242 Invisus
343 3197 455 3260 pereas
470 3181 631 3244 deficiente
645 3181 724 3244 cibo.

161 3260 265 3338 thue
279 3264 367 3344 lyrae
382 3272 470 3326 vates
484 3267 579 3330 lertur
591 3265 724 3343 periisse
738 3269 883 3341 seuerae?

207 3345 308 3415 Causa
323 3349 364 3412 sit
377 3350 461 3412 auidi
475 3350 602 3412 dextera
616 3350 703 3414 laesa
715 3352 768 3417 tui.

95 3432 149 3488 525
164 3425 270 3506 thue
282 3433 528 3510 Agamemnonio
542 3437 654 3496 vannus
670 3435 755 3496 dedit
768 3433 877 3510 anguis
893 3432 1029 3503 Orestae,

205 3511 252 3578 Tu
266 3532 394 3594 quoque
404 3520 444 3580 de
458 3535 565 3582 morsu
577 3517 661 3580 virus
675 3518 807 3580 habente
822 3516 927 3580 cadas.
