2520 4012
181 203 223 265 30
510 193 532 242 ²,
579 203 804 267 TRISTIUM

201 365 253 418 340
304 356 342 416 Et
353 357 430 416 lalso
445 356 528 417 movi
542 363 651 432 pectus
665 370 769 414 amore
784 370 892 418 mcum.

261 440 328 500 Non
344 441 487 514 equidem
504 441 623 500 vellem.
656 438 713 500 sed
729 454 778 498 me
794 457 862 502 mea
877 444 938 502 lata
952 441 1122 518 trahebant,

303 523 400 599 Inque
414 540 498 585 meas
516 540 632 600 poenas
646 521 825 606 ingeniosus
841 541 933 587 eram.

261 606 296 666 Ei
310 607 391 682 milii,
415 609 500 684 quod
514 608 616 681 didici,
640 606 723 681 quod
738 622 787 666 me
801 609 935 670 docuere
949 617 1102 685 parentes,

300 691 474 766 Litteraque
489 700 538 752 est
553 694 660 751 oeulos
675 691 737 750 ulla
752 701 868 752 morata
883 701 985 754 meost

199 781 250 837 345
261 774 344 834 Haec
358 773 411 834 tibi
428 791 476 834 me
491 775 622 834 invisum
637 773 765 834 lascivia
779 775 858 848 lecit,
882 777 920 836 ob
936 777 1035 851 Artes,

304 857 384 932 Quas
399 865 481 918 ratus
498 873 532 917 es
548 858 659 918 vetitos
674 856 860 919 sollicitasse
877 867 972 922 toros.

260 939 322 1001 Sed
338 956 438 1014 neque
453 957 501 1000 me
516 948 628 1018 nuptae
644 941 814 1002 didicerunt
831 943 910 1004 turta
924 945 1078 1023 magistre,
1247 976 1248 980 =

299 1023 447 1100 Quodque
463 1041 570 1098 parum
584 1025 677 1099 novit,
699 1041 788 1085 nemo
804 1027 916 1088 docere
932 1035 1041 1104 potest.

260 1107 310 1168 Sic
325 1122 383 1182 ego
400 1107 527 1168 delicias
541 1115 573 1168 et
587 1110 690 1170 mollia
705 1111 839 1170 carmina
853 1111 920 1184 leci,

197 1199 248 1254 330
301 1189 459 1251 strinxerit
475 1198 505 1251 ut
518 1208 629 1258 nomen
645 1193 748 1253 sabulo
763 1195 844 1254 nulla
859 1211 967 1255 meum.

259 1275 321 1334 Nec
336 1275 500 1350 quisquam
516 1283 563 1337 est
577 1277 656 1336 adeo
669 1277 771 1336 'media
786 1279 825 1338 de
841 1279 930 1354 plebe
945 1278 1078 1354 maritus

296 1357 336 1420 Ut
350 1358 463 1419 dubius
477 1360 551 1420 vitio
568 1360 607 1420 sit
620 1369 708 1436 pater
721 1361 772 1420 ille
786 1377 865 1423 meo.

259 1441 355 1502 crede
370 1443 451 1514 mihi,
474 1445 588 1504 distant
602 1459 703 1505 mores
719 1461 738 1504 a
755 1446 888 1505 carmine
903 1453 1024 1508 nostroe

298 1526 370 1585 Vite
384 1527 557 1588 verecundo
572 1535 627 1602 est,
648 1529 737 1588 Musa
752 1529 859 1590 iocosa
873 1545 949 1604 mea,

195 1617 245 1672 335
256 1607 430 1684 Magnaque
445 1625 518 1685 pars
535 1627 662 1686 operum
676 1614 809 1672 mendax
823 1621 854 1674 ct
867 1614 939 1674 ficta
952 1627 1087 1676 meorum

296 1693 366 1754 Plus
382 1693 441 1753 sibi
455 1695 593 1769 permisit
608 1696 814 1771 compositore
831 1713 898 1758 suo.

254 1777 317 1836 Nec
331 1775 408 1836 liber
422 1778 567 1840 indicium
582 1786 629 1840 est
643 1781 743 1854 animi,
766 1781 823 1840 sed
837 1781 966 1842 honesta
981 1782 1130 1858 voluptas,

300 1860 431 1920 Plurima
445 1863 614 1923 mulcendis
630 1865 754 1924 auribus
770 1870 842 1940 apte
855 1865 966 1926 lenens.

256 1945 368 2004 Accius
385 1954 469 2006 esset
483 1953 579 2020 atrox,
601 1949 732 2008 conviva
745 1948 902 2009 Terentius
918 1957 1008 2022 esset,

193 2035 246 2090 360
296 2028 409 2088 Essent
423 2045 580 2104 pugnaces
596 2033 648 2107 qui
662 2033 727 2092 iera
741 2032 822 2091 bella
836 2039 956 2094 canunt.
1060 2053 1062 2058 ’

252 2111 392 2188 Denique
407 2114 566 2190 composui
581 2122 705 2176 teneros
719 2130 781 2174 non
797 2117 883 2176 solus
898 2131 1035 2178 amorem

298 2195 474 2272 Composito
489 2213 607 2273 poenas
623 2200 710 2260 solus
725 2213 830 2258 amore
845 2199 926 2259 dedi.

255 2278 340 2353 Quid,
361 2279 419 2339 nisi
436 2296 504 2340 com
518 2284 610 2343 multo
626 2284 778 2344 Venerem
792 2284 980 2343 confundere
996 2283 1076 2358 vino,
1124 2304 1126 2307 ·

295 2361 454 2438 Praecepit
467 2365 556 2440 lyrici
571 2367 643 2426 Teia
656 2367 745 2426 Musa
762 2366 866 2426 senis?
1035 2439 1037 2446 ,

191 2455 241 2508 303
253 2445 365 2506 Lesbio
381 2447 454 2520 quid
466 2449 569 2510 docuit
584 2449 720 2526 Sappho,
744 2450 803 2509 nisi
819 2465 921 2510 amore
937 2451 1074 2525 puellast

295 2530 370 2590 Tuta
384 2537 484 2591 tamen
501 2531 636 2608 Sappho,
660 2541 742 2595 tutus
758 2541 788 2594 et
802 2533 853 2594 ille
868 2534 932 2594 fuit.

251 2613 313 2672 Nec
327 2613 389 2688 tibi,
406 2607 556 2691 Battiade‚
578 2619 690 2694 nocuit,
716 2619 799 2692 quod
814 2633 909 2693 saepe
925 2617 1035 2693 legenti

295 2698 427 2758 Delicias
443 2713 536 2760 versu
551 2701 653 2762 lassus
670 2719 704 2762 es
718 2704 787 2778 ipsc
802 2710 882 2763 tuas.

251 2779 366 2841 Fabula
379 2783 502 2844 iucundi
517 2787 600 2844 nulla
614 2794 662 2846 est
676 2787 742 2846 sino
758 2801 862 2846 umore
876 2785 1044 2860 Menandri,

190 2869 245 2926 370
294 2865 331 2924 Et
346 2867 425 2928 solet
438 2867 488 2926 hic
502 2869 606 2942 pueris
622 2870 855 2945 virginibusque
870 2869 938 2943 legi.

252 2947 322 3008 llios
337 2949 406 3023 ipso
421 2949 494 3024 quid
510 2958 564 3026 est,
588 2953 646 3012 nisi
661 2955 757 3028 turpis
773 2955 925 3026 adultera,
948 2952 987 3010 de
1003 2967 1063 3026 qua
1125 2999 1128 3004 .

292 3031 373 3090 Inter
388 3040 552 3094 amatorem
568 3042 671 3111 pugna
685 3039 845 3112 virumque
860 3035 935 3095 fuitt
1117 3108 1125 3118 Ι

252 3115 328 3190 Quid
344 3116 428 3190 prius
444 3119 566 3179 estillic
581 3119 703 3186 damma
718 3119 917 3197 Chryseidos,
938 3125 1032 3194 utque

291 3197 408 3258 Fecerit
422 3202 516 3262 iratos
531 3212 619 3278 rapta
634 3205 737 3278 puella
751 3205 869 3264 duces?

188 3289 239 3344 373
250 3283 313 3342 Αο1
328 3283 401 3356 quid
416 3285 559 3362 Odyssea
573 3294 629 3359 est,
651 3287 709 3346 nisi
726 3287 845 3360 lentina,
870 3293 995 3362 propter
1009 3299 1155 3357 amorem,

289 3365 367 3424 Ilum
383 3369 428 3426 vir
443 3369 538 3440 abest,
561 3371 662 3430 multis
678 3387 738 3430 una
752 3371 847 3445 petita
861 3371 988 3446 proclst

222 3529 224 3540 .
253 3447 336 3524 Quis,
359 3451 416 3512 nisi
433 3451 618 3528 Maeonides,
642 3452 792 3514 Venerem
806 3453 996 3528 Martemque
1010 3452 1120 3526 ligatos
