2524 4004
368 276 370 278 -
481 239 539 313 1v,
564 238 600 313 o,
620 239 756 334 ao-oe
818 301 820 306 s

239 385 412 452 Successor
429 389 503 451 tanti
521 392 614 451 frater
629 392 757 455 honoris
777 395 856 455 erit

196 475 272 536 Nam
285 472 339 534 tibi
354 473 472 535 finitum
491 490 626 548 summo,
643 475 807 550 Graecina,
823 477 984 542 Decembri

145 570 181 625 eo
235 557 400 634 Imperium
414 557 478 617 Iani
499 558 629 633 suscipit
647 559 699 618 ille
718 559 778 619 die.

198 643 345 718 Quaeque
365 648 413 701 cst
431 640 462 699 in
477 639 566 700 vobis
583 642 697 716 pietas,
718 643 834 703 alterna
849 643 952 706 serens

238 724 372 798 Gaudia,
388 730 420 783 tu
435 723 537 785 iratrIs
555 725 707 800 lascibuS,
722 727 773 786 illc
788 726 857 787 tuIs.

198 808 249 869 Sic
265 815 297 868 tn
312 807 360 868 bis
376 806 471 870 lucris
492 809 618 884 consul,
638 810 687 872 bis
703 810 811 870 consul
827 817 856 870 et
874 813 933 883 ille,
1031 877 1034 883 ,

238 893 336 968 Inque
351 892 443 953 domo
463 891 561 952 bimus
582 893 787 969 conspicietur
800 893 910 955 honor.

112 1017 117 1021 -
147 981 183 1036 oo
195 973 252 1056 Qui
273 991 459 1050 quamquam
474 982 521 1035 est
537 975 656 1050 ingens,
672 982 701 1036 et
716 978 832 1039 nullum
845 978 954 1038 Martia
969 996 1086 1041 summo

237 1059 338 1120 Altius
353 1059 515 1134 imperium
530 1060 660 1120 consule
674 1061 773 1121 Roma
789 1061 881 1135 videt,
950 1069 953 1076 ’

197 1141 377 1218 Multiplicat
388 1149 491 1202 tamen
505 1143 587 1205 hunc
601 1145 736 1218 gravitas
752 1145 886 1205 auctoris
901 1143 1058 1219 honorem,

239 1225 277 1287 Ft
291 1226 481 1288 maiestatem
496 1242 547 1288 res
563 1228 634 1288 data
650 1226 749 1294 dantis
765 1226 867 1287 habet.

195 1309 319 1371 Iudiciis
335 1309 424 1386 Igitur
439 1311 530 1370 liceat
543 1309 718 1385 Flaccoque
732 1309 848 1384 unique

146 1397 182 1452 lo
223 1462 224 1465 Ἴ
237 1393 361 1476 Talibus
375 1393 508 1470 Augusti
521 1401 641 1470 tempus
661 1395 693 1454 in
708 1410 797 1455 omne
812 1394 881 1455 frui.
948 1445 951 1452 .

195 1477 235 1538 Ut
249 1482 349 1538 tamen
369 1493 506 1538 ararum
526 1493 600 1538 cura
619 1478 765 1554 propiore
778 1477 908 1550 vacabit,

237 1562 321 1622 Vota
340 1575 451 1637 precor
465 1562 546 1622 votis
561 1562 666 1623 addite
678 1569 783 1624 vestra
803 1562 888 1622 meis.

193 1645 233 1706 Et
246 1645 273 1705 si
295 1661 385 1721 quern
400 1645 483 1706 dabit
503 1661 577 1706 aura
591 1647 706 1721 sinum,
721 1649 823 1706 laxate
837 1645 993 1720 rudentes,

236 1727 365 1790 Exeate
385 1728 501 1806 Stygiis
516 1736 548 1789 ut
562 1745 631 1789 mea
645 1729 733 1791 navis
751 1730 850 1807 aquis.

144 1819 180 1875 75
193 1811 326 1873 Praeluit
340 1813 403 1888 his,
420 1813 583 1890 Gramine,
600 1814 677 1873 locis
693 1814 786 1874 modo
799 1813 939 1874 Flaccus.
969 1820 1002 1873 ct
1013 1814 1065 1876 illo

236 1896 316 1973 Ripa
330 1897 419 1958 lernx
432 1896 527 1958 Histri
542 1895 600 1958 sub
616 1897 695 1961 duce
709 1904 774 1960 tuta
793 1896 857 1956 luit.

194 1979 251 2040 Hic
265 1981 361 2041 tenuit
374 1981 483 2058 Mysas
499 1988 606 2056 gentes
624 1982 654 2041 in
669 1996 746 2058 pace
766 1980 880 2042 fidelia

238 2064 294 2124 llic
308 2081 381 2124 arcu
396 2065 472 2125 fisos
487 2066 593 2127 terruit
611 2081 686 2126 ense
701 2065 804 2126 Getas.

193 2145 250 2210 Hic
263 2156 382 2224 raptam
395 2149 534 2210 Trosmin
551 2149 643 2210 celeri
658 2149 769 2210 virtute
788 2147 912 2222 recepit,

144 2238 181 2293 80
238 2231 407 2310 Inlecitque
422 2233 487 2294 lero
507 2235 658 2308 sanguine
672 2231 853 2295 Danubium.

195 2314 313 2389 Quaere
328 2315 389 2376 loci
403 2316 513 2378 faciem
529 2316 727 2394 Scythicique
741 2315 936 2377 incommoda
955 2315 1040 2392 caeli,

237 2399 275 2462 Et
291 2415 383 2475 quam
396 2399 499 2461 vchno
515 2407 631 2462 terrear
644 2401 748 2474 hoste,
763 2415 855 2474 rogat

197 2481 303 2544 Sintne
317 2485 388 2546 litae
407 2492 516 2547 tenues
532 2486 683 2562 serpentis
696 2483 769 2556 telle
784 2482 921 2556 sagittae,

235 2567 302 2627 Fiat
315 2585 355 2628 an
373 2567 541 2631 humanum
558 2570 679 2630 victima
698 2568 765 2627 dira
779 2573 885 2641 caput:

143 2657 178 2712 85
192 2651 335 2729 Mentior,
353 2668 392 2712 an
407 2660 497 2713 coeat
511 2652 638 2713 duratus
654 2651 767 2726 frigore
783 2654 903 2726 pontus,

234 2735 273 2796 Ft
285 2742 387 2796 teneat
404 2736 520 2810 glacies
533 2735 641 2812 iugera
653 2735 748 2796 multu
761 2733 838 2794 treti.
865 2739 867 2746 ’

193 2817 277 2880 Haec
291 2819 345 2881 ubi
360 2820 503 2894 narrarit,
521 2835 600 2896 quae
615 2818 654 2880 sit
669 2833 738 2878 mea
752 2819 846 2888 loma,
861 2814 992 2890 require,

174 2924 177 2931 ·
237 2903 366 2981 Quoque
383 2903 476 2965 modo
491 2918 638 2979 peragam
651 2909 793 2978 tempora
805 2899 897 2972 dura,
912 2913 998 2972 roga.

193 2983 256 3046 Nec
273 3003 380 3048 sumus
394 2987 445 3046 hic
464 2986 554 3060 odio,
570 3000 630 3051 nec
644 2987 761 3048 scilicet
775 2999 846 3044 esse
861 2997 1018 3054 meremur,

145 3073 181 3130 90
235 3069 299 3130 Nec
314 3087 383 3131 cum
396 3071 520 3133 fortuna
533 3085 620 3131 mens
636 3085 762 3147 quoque
775 3083 867 3130 verse
880 3081 949 3126 mea
963 3073 1018 3128 cst.

191 3152 247 3212 Illa
262 3155 352 3231 quies
367 3153 484 3229 animo,
506 3170 597 3229 quarn
611 3162 645 3216 tu
658 3155 786 3217 laudare
802 3148 935 3224 solebas,

235 3237 290 3298 Ille
304 3247 394 3302 vetus
409 3238 500 3300 solito
516 3243 633 3316 perstat
652 3239 683 3298 in
698 3253 751 3299 ore
767 3236 876 3312 pudor.

192 3319 244 3382 Sic
260 3337 318 3397 ego
335 3339 403 3384 sum
419 3321 555 3398 pridem,
571 3323 616 3384 sic
630 3323 693 3397 hic,
709 3321 760 3382 ubi
774 3319 925 3382 barbarus
939 3314 1046 3390 hostis,
1147 3333 1149 3338 ·

233 3405 273 3466 Ut
287 3406 353 3468 Iera
366 3407 437 3482 plus
453 3407 574 3470 valeant
586 3407 705 3482 legibus
725 3421 822 3477 orma,
844 3401 924 3475 lacit,
994 3427 996 3432 ·

139 3493 176 3548 95
190 3488 267 3550 Rem
284 3497 377 3566 queat
390 3483 424 3552 ut
438 3490 551 3553 nullam
565 3498 610 3553 tot
625 3491 701 3564 iam,
722 3487 884 3560 GraecIne,
901 3497 957 3560 per
970 3495 1068 3544 annos
1133 3561 1136 3566 Ι

232 3573 359 3636 Femina
374 3575 413 3636 de
427 3572 516 3636 nobis
531 3574 617 3636 vIrve
632 3588 748 3652 puerve
766 3571 862 3648 queri.

1251 3429 1252 3446 l

1251 3451 1252 3462 1

1249 3555 1251 3570 1

1144 3585 1251 3662 1
