2524 4004
356 206 359 212 ’
432 196 489 270 IV,
511 190 548 268 7,
572 191 691 272 18—8‚
712 196 765 261 36.

118 364 160 466 8.
211 395 414 462 surreio.

177 481 296 576 luttere
309 529 380 574 sera
395 510 533 593 quidem,
550 511 659 574 studiis
675 516 795 576 exculte
810 515 906 593 Suilli,
1039 519 1042 526 ’

114 675 118 678 p
213 599 281 660 Huc
295 604 348 660 tua
366 597 519 673 pervenit,
535 597 592 659 sed
605 597 680 659 mihi
690 604 781 673 graia
794 605 906 676 tamen,

174 685 254 758 Qua,
268 683 322 758 pia
336 679 364 742 si
377 680 478 756 possit
489 696 623 756 superos
637 681 733 742 lenire
747 683 887 758 rogando

218 764 336 838 Gratia,
351 765 482 826 laturum
496 770 527 826 te
541 762 614 825 mihi
629 764 707 828 dicis
724 781 824 842 opem.

146 865 163 918 a
176 849 290 916 Uliam
303 849 346 908 nil
359 854 516 924 praestes,
533 847 625 908 animi
640 865 708 910 sum
721 851 821 910 sactus
838 845 943 912 amici

213 931 352 1006 Debitor,
369 939 399 993 et
412 931 552 993 meritum
572 932 651 992 velle
663 933 771 994 iuvare
784 948 873 1014 voce,

175 1021 310 1094 Impetus
324 1015 383 1078 istc
396 1022 468 1080 tuus
483 1017 607 1090 longum
620 1016 713 1077 meda
729 1017 818 1080 duret
831 1019 862 1078 iu
875 1033 995 1095 aevum,
1054 1071 1056 1080 i

214 1102 297 1160 Neve
311 1099 399 1164 malis
414 1099 515 1175 pietas
530 1099 570 1160 sit
585 1106 636 1161 tua
650 1099 736 1162 lassa
749 1101 836 1164 meis.
855 1109 857 1114 '
1006 1119 1009 1124 ’

176 1187 227 1246 lus
242 1183 369 1258 aliquod
384 1183 500 1246 iaciunt
513 1181 763 1246 adfinia-vincula
777 1183 877 1257 nobis,

78 1346 81 1350 ¹
114 1279 160 1332 .1o
215 1269 298 1343 Quae
314 1281 438 1342 semper
450 1274 593 1344 maneant
607 1264 790 1329 inlabefacta
803 1281 923 1344 precer.

176 1353 251 1414 Nam
265 1350 318 1412 tibi
333 1366 413 1427 quae
432 1351 580 1429 coniunx,
597 1350 706 1412 adem
719 1350 792 1412 milri
806 1351 869 1412 lilia
883 1365 982 1426 paene
996 1356 1055 1427 cst,

217 1435 256 1494 m
270 1449 349 1510 quae
363 1439 394 1494 te
406 1449 568 1509 generum,
583 1449 633 1497 me
647 1440 739 1498 vocat
753 1433 804 1496 illa
818 1435 925 1496 virum.

175 1520 211 1580 Ei
225 1517 313 1591 mihi,
329 1517 457 1582 sileatis
472 1519 590 1580 vultum
603 1524 635 1582 iu
650 1517 792 1583 versibus
807 1519 874 1581 istis

215 1601 309 1664 Ducis
324 1607 355 1662 et
369 1601 502 1664 adfinem
515 1607 545 1662 te
561 1601 657 1677 pudet
666 1617 743 1665 -esse
756 1609 871 1664 meum!

125 1691 160 1748 15
174 1689 215 1748 At
228 1685 303 1748 nihil
318 1685 369 1749 hic
386 1684 511 1761 dignum
525 1685 643 1761 poteris
656 1685 794 1764 reperire
810 1686 929 1762 pudore

214 1770 338 1832 Praeter
351 1770 520 1845 fortunam,
537 1768 704 1848 quaemihi
720 1783 813 1830 caeca
827 1769 892 1831 tuit.
983 1829 986 1834 .

175 1855 238 1918 Seu
251 1868 348 1928 genus
363 1850 518 1927 excutias,
534 1853 655 1930 equites
665 1851 709 1915 ab
725 1853 841 1928 origine
856 1853 954 1928 prima

214 1937 321 2011 Usque
335 1951 392 2011 per
406 1937 584 2000 innumeros
598 1935 791 2000 inveniemur
802 1952 898 2004 aucsr

177 2019 249 2082 Sive
262 2020 355 2092 velie,
373 2021 425 2096 qui
442 2020 517 2096 sint,
531 2033 635 2086 mores
651 2019 805 2096 inquirere
819 2027 953 2092 nostros,

124 2115 161 2170 be
212 2102 355 2165 Errorem
369 2104 483 2166 misere
503 2103 646 2179 detrahe,
661 2097 732 2166 labe
746 2110 860 2169 careat.

143 2193 145 2197 ’
175 2190 221 2249 Tu
233 2185 326 2248 modo
342 2187 368 2247 si
385 2188 459 2264 quid
473 2186 525 2263 agi
538 2187 678 2264 sperabis
696 2201 793 2263 passe
809 2185 975 2263 precando,

218 2270 301 2345 Quos
316 2270 408 2344 calis,
427 2285 523 2332 exera
537 2271 678 2348 supplice
691 2271 873 2334 veccdeos.

175 2353 212 2416 Di
226 2353 280 2414 tibi
295 2354 493 2434 suntCaesar
506 2354 636 2416 iuvenis.
664 2356 853 2420 manamine
868 2356 967 2431 placa.

215 2437 282 2498 Hac
298 2443 380 2498 certe
397 2437 802 2513 nullacstnolicraratibi.
963 2452 965 2456 ·

124 2527 161 2584 25
174 2519 242 2584 Nan
257 2521 329 2583 sinit
341 2520 394 2582 illa
407 2523 455 2582 sui
470 2537 566 2582 vanas
582 2522 723 2584 antistitis
738 2537 885 2598 umquam

216 2603 296 2666 Esse
311 2619 431 2680 preces·
459 2605 573 2668 nostris
587 2605 658 2668 hinc
673 2612 743 2680 pete
757 2604 968 2681 rebuscpcm.

176 2686 346 2762 Quamlibet
360 2688 471 2764 exigua
485 2689 512 2748 si
525 2704 584 2752 nos
601 2705 638 2751 ea
651 2687 761 2750 iuverit
775 2703 860 2761 aura,

215 2770 331 2833 Obruta
344 2772 383 2836 de
397 2771 507 2842 mediis
523 2769 635 2834 cumba
648 2777 788 2846 resurget
803 2770 903 2848 equis.

175 2855 259 2918 iimc
274 2869 333 2931 ego
347 2861 416 2930 tura
430 2853 525 2916 leram
539 2855 657 2932 rapidis
673 2853 833 2917 sollemnia
851 2852 1002 2928 flammis·

125 2949 163 3004 30
217 2937 256 2999 m
268 2939 551 3015 valeantquantum
564 2939 701 3014 munina,
721 2938 808 3004 testis
825 2951 889 2998 ero.

176 3015 238 3082 Nec
251 3020 306 3082 tibi
321 3023 360 3085 de
374 3019 463 3085 Pan'c
478 3029 623 3097 statuam,
640 3021 834 3096 Germanice,
850 3021 995 3096 templum

162 3106 167 3112 “
215 3103 379 3167 Marmore.
407 3107 522 3181 carpsit
537 3121 614 3183 opes
629 3107 682 3166 illa
695 3104 783 3166 ruina
796 3120 892 3168 meas.

174 3186 304 3264 Templa·
315 3189 427 3260 demus
439 3188 530 3252 vobis
545 3191 657 3257 iaciant
675 3189 831 3264 urbesque
843 3187 963 3248 beatae.

214 3271 299 3335 Naso
315 3273 381 3335 suis
399 3272 525 3350 opibus,
541 3273 674 3335 camina
688 3271 873 3348 gratuserit.
893 3339 896 3346 ,

120 3361 158 3422 35
171 3352 272 3416 Parva
286 3357 411 3432 quidem
427 3358 526 3421 lateat·
539 3373 596 3435 pro
611 3357 730 3434 magnis
746 3369 872 3417 munera
885 3353 984 3427 reddi,

218 3438 296 3501 Cum
309 3457 367 3518 pro
383 3457 535 3504 concessa
549 3440 645 3508 verba
659 3441 759 3505 salute
773 3440 892 3528 damus.
