2524 4004
46 265 50 275 '
155 306 156 312 Ι
184 253 248 316 248
572 248 827 308 FASTORUM

272 403 335 464 Seu
350 403 424 476 quia
435 407 481 462 tot
496 401 595 476 digiti,
618 416 674 475 per
689 415 769 473 quos
784 391 946 476 numerare
959 383 1113 460 solemusa

125 541 127 545 .
315 485 376 544 Seu
392 486 465 558 quia
479 484 525 542 bis
542 485 635 558 quino
648 483 763 544 ‘semina
776 497 886 542 mense.
897 483 989 557 parit:

205 579 257 632 133
272 569 335 628 Seu
349 569 434 642 quod
449 569 589 640 adusque
605 567 711 624 decem
727 565 855 625 numer'o
868 574 1025 627 crescente
1039 567 1174 639 venitur,
1234 607 1235 634 2

310 651 495 725 Principium
510 651 617 724 spatiis
633 649 845 708 sumiturinde
860 651 960 708 novis.
1234 641 1235 712 ἶ

271 734 347 793 Inde
360 741 465 808 patres
480 740 601 792 centum
621 733 718 791 denos
733 733 864 791 secrevit
879 732 909 790 in
924 731 1016 790 orbes
1128 772 1130 776 -

183 815 205 887 ¹,
312 817 476 888 Romulus,
493 816 631 876 hastatos
646 814 836 888 instituitque
852 815 981 874 decerna
1150 871 1154 876 .
1234 825 1235 896 ζ

207 941 211 948 Ι
271 900 309 958 Et
323 901 448 963 totidem
463 897 624 973 princeps,
638 898 766 957 totidem
779 897 900 972 pilanus
915 896 1047 956 habebat

208 991 259 1045 130
313 983 458 1055 Corpora,
481 981 613 1055 legitimo
630 981 744 1056 quique
758 981 894 1040 merebat
907 995 999 1054 equo.
1034 976 1047 985 ‘

214 1067 224 1073 ⁹
273 1065 350 1138 Quin
366 1065 454 1124 etiam
472 1072 572 1138 partes
589 1066 714 1124 totidem
728 1063 911 1124 Titiensibus
926 1064 984 1136 iiie,

314 1149 460 1222 Quosque
476 1157 587 1208 vocant
601 1149 733 1208 Ramnes
740 1155 755 1220 ,²
769 1147 998 1221 Luceribusque
1012 1149 1104 1208 dedit.

59 1213 60 1218 ἵ
173 1276 178 1278 -
272 1233 429 1303 Adsuetus
444 1231 533 1304 igitur
547 1245 689 1290 numeros
704 1231 839 1290 servavit
852 1231 883 1288 in
904 1245 994 1291 3333

312 1315 379 1372 Hoc
394 1316 475 1388 luget
489 1315 589 1388 spatio
605 1315 717 1377 femina
730 1321 847 1373 maesta
862 1314 967 1372 virum.

207 1405 255 1458 135
269 1398 335 1456 Neu
350 1397 434 1456 dubit
423 1405 485 1470 tes,
510 1398 624 1471 primae
638 1397 750 1456 tuerint
765 1399 838 1470 quin
853 1404 905 1456 ant
905 1413 923 1456 e
893 1395 1091 1457 tKalendae

245 1519 248 1532 Ι
314 1481 435 1549 Μ33113
453 1481 491 1539 ad
507 1481 583 1538 haec
599 1481 732 1539 animum
745 1480 832 1554 signa
846 1481 960 1538 reierrc
981 1487 1078 1554 potas.

273 1563 392 1622 Laurea
407 1562 580 1622 flaminibus
596 1579 676 1636 quae
691 1570 754 1622 toto
770 1563 908 1641 perstitit
914 1569 993 1622 anno

313 1646 451 1719 Tatium,
468 1649 526 1706 eti
514 1647 638 1705 frondes
654 1647 769 1706 suntin
784 1648 902 1706 honore
916 1661 1025 1704 novae.

172 1793 174 1798 ,
273 1730 368 1788 13333
381 1737 452 1789 tune
467 1730 548 1803 regis
564 1730 667 1803 posita
680 1729 757 1787 viret
771 1728 881 1788 arbore
894 1727 1026 1788 Phoebi.

206 1819 288 1874 140
311 1818 391 1871 Ante
406 1819 474 1871 tuus
490 1813 523 1871 iit
537 1813 626 1884 idem
649 1813 733 1872 curia
749 1812 864 1886 prisea,
885 1813 978 1870 iores.-
1029 1845 1033 1850 -

180 1970 183 1974 .
274 1896 371 1954 Vesta
386 1911 510 1968 quoque
525 1902 557 1953 ut
572 1896 645 1954 folio
660 1893 756 1954 niteut'
769 1895 874 1954 vetata
884 1894 1010 1974 recenti,

217 1975 220 1978 ’
316 1979 403 2038 Cedit
425 1973 462 2036 ab
480 1978 578 2036 iliacis
594 1980 698 2038 laurea
713 1993 790 2037 cana
805 1979 892 2041 iocis

273 2053 379 2130 Adde,
404 2059 500 2135 quod
503 2077 615 2120 aroana
629 2059 695 2122 ficri
710 2076 808 2120 novus
824 2061 903 2134 ignis
917 2060 949 2118 in
963 2059 1042 2118 aede

108 2210 112 2219 ,
316 2145 437 2217 Dicitur,
460 2152 490 2202 et
505 2145 585 2202 vires
601 2143 723 2203 flamma
737 2144 857 2204 reiecta·
868 2143 960 2218 capit

129 2279 130 2284 ,
208 2227 334 2287 1451133
350 2225 422 2285 mihi
438 2227 636 2301 patrandae,
659 2241 757 2294 33333
773 2225 1065 2299 hincissepriores,
1234 2279 1235 2288 ,

301 2312 405 2374 Anna
421 2311 505 2382 quod
520 2311 578 2369 hoo
595 2317 706 2384 coepta
720 2315 767 2368 est
780 2320 887 2369 mense
899 2307 1038 2370 Perenna
1051 2305 1120 2368 coli.
1210 2383 1212 2392 Ι
1234 2345 1235 2368 t

274 2392 351 2450 Hinc
367 2393 456 2450 etiam
472 2399 593 2454 veteres
609 2393 674 2452 initi
688 2383 893 2454 memorantur
906 2391 1041 2450 honores
1216 2393 1219 2398 '

314 2475 364 2532 Ad
381 2473 512 2548 spatimn
526 2475 613 2547 beiti,
636 2475 755 2549 perfide
769 2476 879 2546 Poene,
903 2475 955 2532 tui

274 2558 414 2631 Denique
429 2558 552 2632 quintus
568 2558 606 2617 ab
621 2558 680 2618 boc
696 2559 794 2619 iuerat
807 2557 961 2630 Quintilis,
984 2564 1014 2614 et
1027 2555 1097 2617 inde

209 2649 259 2703 150
315 2641 438 2714 Incipit,
454 2657 473 2699 3
488 2657 612 2701 numero
627 2642 750 2700 nomina
765 2639 1019 2715 331333131131331.Ι

151 2763 153 2770 2
175 2774 177 2778 ,
273 2724 401 2794 Primus,
426 2723 571 2783 oliviferis
587 2726 714 2784 Romam
730 2725 879 2784 deductus
895 2723 932 2782 ab
946 2720 1039 2794 arvis,

316 2807 482 2882 Pompilius
499 2809 621 2867 menses
637 2809 733 2866 sensit
748 2807 859 2868 abesse
875 2807 981 2866 duosa,
1054 2839 1055 2844 κ

277 2890 350 2950 Sive
361 2891 421 2948 hoc
436 2907 455 2949 3
470 2889 572 2950 Samio
588 2891 707 2964 doctus,
724 2891 776 2965 qui
791 2905 886 2964 posse
900 2888 1020 2948 renasci

317 2972 380 3030 Nos
401 2979 499 3046 putat,
518 2971 628 3046 Egeria
642 2975 707 3033 sive
722 2979 865 3042 monente
880 2987 947 3030 333.
1014 2992 1020 3004 ·
1234 3011 1235 3024 Ι

207 3061 257 3114 135
273 3053 333 3113 Sed
349 3061 448 3112 tumen
464 3056 605 3116 errabant
619 3057 781 3116 etiamtunc
793 3063 950 3132 tempora,
973 3053 1073 3111 donec
1143 3081 1145 3085 ·
1234 3057 1235 3136 ᾗ

318 3135 458 3196 Caesaris
475 3139 502 3196 in
519 3141 619 3199 multis
634 3139 711 3198 haec
726 3154 851 3213 quoque
865 3151 940 3198 cura
954 3136 1018 3196 suit.

275 3218 341 3276 Non
357 3219 433 3278 haec
448 3221 590 3282 ittedeus
604 3229 767 3296 tantaeque
782 3218 961 3296 propaginIs
977 3224 1086 3278 auctor

282 3360 284 3363 .
318 3300 451 3361 Credidit
471 3304 580 3362 officiis
596 3306 798 3366 esseminora
813 3304 888 3376 suis,

274 3381 524 3456 Promissumqu'e
539 3385 597 3443 sibi
611 3387 708 3457 voluit
722 3399 928 3461 praenoscere
944 3383 1073 3453 caelum,
1153 3436 1157 3444 .

205 3469 258 3526 160
312 3463 375 3522 Neo
389 3465 466 3524 deus
481 3466 600 3538 ignotas
614 3467 730 3544 hospes
746 3469 956 3548 inircdomos
