2520 4008
444 211 486 301 n,
509 204 545 288 5,
569 209 690 288 ao-c,
712 212 764 276 aa.
1057 218 1119 284 rte
1158 167 1161 174 ¹

220 366 412 444 ingenioque
425 364 529 438 loves,
545 364 721 439 ingeniose,
737 382 817 428 mcc.

130 465 166 523 65
180 453 280 518 Distu
294 464 376 526 opus
392 455 547 524 nostrum,
562 446 620 508 sed
635 447 770 510 lontibus
788 453 852 512 exit
865 450 903 510 ab
919 451 1033 518 isdem=

224 535 308 598 Artis
324 539 355 593 et
369 533 521 608 ingenuae
537 531 634 592 cultor
648 539 779 610 uterque
794 549 912 596 sumus.
1078 595 1082 602 ,

122 659 168 670 -
182 623 322 699 Thyrsus
338 617 420 676 enim
433 614 540 688 vobis,
555 619 675 690 gestata
689 622 737 676 est
751 614 856 677 laurea
870 616 977 680 nobis=

123 703 169 752 ’-
225 701 289 765 Sed
303 707 405 760 tamen
419 697 571 759 ambobus
587 698 679 760 debet
697 699 802 760 inesse
818 701 913 762 calor.
1001 699 1004 704 '

182 791 284 863 thue
299 783 376 844 meis
389 782 525 844 numeris
539 788 592 842 tna
606 781 660 843 dat
673 782 816 844 facundia
830 799 954 858 nervos,

134 885 169 944 70
223 870 275 932 Sic
289 867 375 928 venit
388 882 408 928 a
422 865 513 928 nobis
528 865 558 925 in
573 872 626 927 tua
638 866 735 928 verbo
749 869 838 928 nitor.
905 907 908 914 ι

184 957 254 1017 lure
268 951 358 1032 igitup
372 950 474 1012 studio
486 949 621 1011 confinia
635 950 769 1012 carmina
783 959 888 1014 vestro

186 1069 189 1076 ι
219 1037 258 1098 Et
273 1033 439 1096 commilitii
453 1049 543 1094 sacro
556 1033 671 1096 tuenda
686 1041 786 1110 putas.

183 1121 242 1182 Pro
258 1119 370 1195 quibus
385 1124 419 1180 ut
433 1123 569 1193 maneat,
585 1119 625 1180 de
640 1133 701 1194 quc
716 1120 870 1195 censeris,
888 1121 1015 1196 amicus,

225 1203 412 1278 comprecor
425 1202 466 1262 ad
482 1202 562 1262 vitae
575 1208 715 1278 tempora
730 1217 849 1264 summa
863 1210 941 1279 tuae,

133 1295 168 1350 ts
184 1285 397 1360 succedatque
411 1285 471 1346 tuis
489 1283 573 1346 orbis
588 1285 764 1346 moderator
778 1285 924 1346 habenis=

112 1450 114 1454 Ι
224 1369 313 1445 Quod
326 1383 446 1430 mecum
460 1369 568 1446 populi
584 1375 656 1430 vota
669 1377 833 1446 precantur
846 1369 937 1430 idem.

508 1507 710 1520 m

128 1553 170 1646 t.
223 1587 473 1650 concerno.

184 1670 333 1767 Carmine
348 1705 546 1778 Graecinum,
563 1706 617 1782 qui
630 1720 780 1782 praesens
795 1721 875 1766 voce
890 1705 1018 1780 solebat,

221 1791 328 1852 Tristis
343 1789 383 1850 ab
397 1791 526 1852 Euxinis
541 1789 624 1852 Naso
640 1789 751 1850 salutat
766 1790 866 1866 aquis.

182 1873 291 1935 Exulis
305 1873 383 1934 lraac
398 1891 462 1936 vox
475 1881 533 1936 est.
562 1873 690 1950 praebet
704 1874 777 1935 milri
790 1873 890 1936 littera
903 1874 1048 1950 linguam,

148 2017 153 2022 .
188 1997 191 2001 Δ
220 1957 376 2020 Eirinon
391 1958 482 2020 liceat
496 1957 648 2033 scribere,
663 1964 763 2019 mutus
778 1973 842 2020 ero.

154 2051 173 2104 5
189 2041 338 2119 corripis,
352 2049 387 2104 ut
402 2043 513 2117 debes,
530 2042 612 2104 stulti
626 2050 755 2119 peccata
770 2041 896 2115 sodalis,

225 2125 263 2187 Et
276 2127 358 2188 mala
371 2142 420 2186 me
435 2126 551 2188 meritis
566 2126 647 2186 ierre
660 2127 780 2187 minora
794 2126 900 2205 doces.

183 2211 267 2270 Veru
281 2211 375 2286 iacis,
391 2211 449 2272 sed
463 2226 550 2284 scra,
565 2225 655 2271 meac
670 2209 810 2271 convicia
831 2209 951 2286 culpae.

205 2305 207 2308 ·
224 2296 346 2370 Aspera
361 2295 506 2356 confesso
522 2293 618 2354 verba
632 2293 750 2356 remitte
763 2308 828 2354 rec.

185 2378 258 2438 Cum
271 2385 409 2454 poteram
424 2384 508 2441 recto
522 2377 653 2440 transire
667 2377 815 2439 Ceraunia
829 2377 909 2450 vclo,

132 2465 171 2520 10
225 2461 265 2524 Ut
279 2463 344 2523 iera
357 2464 484 2524 vitarem
500 2477 592 2538 saxa,
607 2462 780 2524 monendus
795 2476 888 2522 eram.
995 2493 999 2502 ·

184 2545 271 2606 Nunc
286 2546 359 2606 mihi
373 2547 534 2622 naufragio
550 2546 624 2622 quid
638 2545 768 2623 prodest
782 2545 903 2606 discere
917 2543 1008 2614 lacto,

228 2629 294 2703 Qua
308 2646 377 2692 mea
392 2630 531 2690 debuerit
544 2645 667 2692 currere
682 2628 793 2692 cumba
806 2627 877 2686 viat

184 2713 315 2774 Brachia
335 2714 376 2774 da
389 2715 475 2777 lasso
490 2715 593 2790 potius
607 2711 790 2789 prendenda
803 2708 931 2770 natanti=

174 2865 177 2870 .
225 2795 288 2857 Nec
302 2799 406 2874 pigeat
420 2806 521 2859 mento
537 2797 745 2874 supposuisse
759 2809 891 2857 manum.

131 2889 168 2942 15
183 2879 281 2956 idque
296 2882 383 2942 lacis.
419 2883 577 2958 faciasque
592 2895 712 2957 precor.
742 2879 787 2940 sic
802 2883 898 2937 mater
912 2880 943 2934 et
955 2889 1042 2945 uxcr,

227 2961 278 3024 Sic
292 2961 348 3025 tibi
363 2965 424 3026 sint
438 2966 547 3026 iratres
561 2971 689 3042 totaque
704 2964 793 3024 salva
807 2962 933 3023 domasa
948 2975 950 2982 ¹

186 3047 337 3122 Quodque
352 3051 437 3110 soles
452 3050 552 3110 animo
568 3064 706 3124 semper,
722 3046 807 3124 quod
820 3059 901 3107 voce
915 3041 1043 3120 precari,

227 3129 335 3192 Omnia
352 3133 535 3194 caesaribus
551 3133 596 3194 sic
610 3141 663 3194 tua
676 3133 757 3192 iacta
771 3128 896 3207 probes.

183 3215 285 3291 Turpe
300 3216 357 3277 erit
370 3218 402 3276 in
416 3218 537 3277 miseris
551 3217 647 3277 veteri
661 3215 714 3274 tibi
728 3215 822 3275 rebus
838 3213 937 3272 amico

131 3299 172 3353 20
224 3298 381 3364 Auxilium
395 3301 478 3364 nulla
491 3307 578 3376 parte
592 3301 700 3378 tulisse
714 3306 812 3360 tuum:

183 3379 285 3460 Turpe
300 3385 416 3448 referre
430 3384 557 3462 pedem,
577 3399 634 3448 nec
649 3399 747 3460 passu
762 3387 844 3444 stare
863 3379 978 3443 tencci=

221 3466 325 3546 Turpe
339 3468 529 3534 laborantem
543 3469 720 3534 deseruisse
737 3474 849 3530 ratem:

138 3558 225 3610 cvra.
246 3549 297 3611 ΙΙΙ.
874 3555 909 3609 10
