2524 4004
449 199 506 275 nr,
526 195 562 274 4,
585 196 705 274 se-e,
721 197 778 261 ιι.
807 247 808 250 ¹
1064 201 1144 266 roo¹

89 411 91 414 .
183 353 338 429 Legimus,
363 347 527 424 oiuvenis,
547 349 636 425 patrii
651 365 714 414 non
730 351 864 428 degener
879 350 951 426 oris,

223 437 313 498 Dicta
326 431 381 494 tibi
394 433 488 509 pleno
503 430 601 495 verba
614 433 729 496 diserta
743 437 822 499 loro.
859 473 861 480 ι

183 521 268 596 Quae
283 531 469 596 quamquam
480 513 584 590 lingua
594 516 666 576 milri
682 525 752 578 sunt
762 525 951 594 properante
964 533 1021 599 per
1030 519 1126 582 horas

143 615 178 670 ιο
227 602 322 664 Lecta
335 600 413 661 satis
425 599 546 674 multas,
567 615 668 675 pauca
682 601 781 662 luisse
797 617 918 676 queror.

130 709 132 714 ¹
185 684 276 748 Plura
289 683 348 745 sed
361 682 513 744 haecfari
527 682 693 780 relegendo
710 699 815 761 saepe
848 699 906 745 nee
920 701 1063 762 umquam

155 833 156 836 ,
227 767 296 830 Non
310 766 393 840 mihi,
418 767 633 842 quamprimo,
655 775 743 844 grata
757 768 964 844 lueremagrs

143 853 322 926 cumque
335 849 411 912 nihil
424 848 536 912 totiens
546 851 629 932 lecta
643 867 661 912 e
676 851 839 914 dulcedine
853 851 993 930 perdant,

224 934 351 996 Viribus
366 934 419 996 illa
432 931 507 1008 suis,
529 947 592 994 non
604 935 751 1010 novitate,
763 937 906 1012 placent.

142 1023 176 1078 15
185 1017 313 1093 Felices,
335 1017 448 1094 quibus
461 1015 560 1077 haee
552 1033 625 1093 rpso
638 1032 828 1094 cognoscere
840 1021 871 1080 in
886 1026 965 1096 actu,

219 1101 262 1162 El
275 1108 337 1162 tam
354 1099 488 1162 facundo
503 1101 629 1176 contigit
644 1116 698 1164 ore
713 1101 786 1162 fruit

182 1185 258 1248 Nom
276 1199 463 1282 quamquam
477 1197 573 1260 sapor
587 1191 635 1246 est
648 1185 750 1246 adlata
764 1185 885 1248 duleis·
877 1203 908 1246 m
923 1185 1016 1266 undo,

227 1268 348 1331 Gratius
363 1285 403 1328 ex
417 1269 488 1344 ipso
503 1269 588 1330 fonte
600 1265 746 1333 bibuntur
760 1283 869 1346 aquae.

184 1351 222 1412 lit
236 1351 334 1428 magis
350 1351 484 1413 adducto
499 1365 624 1428 pomum
638 1351 806 1428 decerpere
819 1367 915 1427 ramo,

139 1441 201 1495 ιιι
227 1434 323 1510 Quam
338 1435 377 1497 de
392 1436 510 1496 caelata
524 1449 646 1497 sumere
660 1436 747 1496 lance
761 1435 854 1497 iuvat.

181 1519 223 1580 At
236 1518 296 1578 nisi
311 1534 502 1595 peccassem,
525 1519 587 1580 nisi
599 1534 649 1580 me
662 1535 731 1580 mea
743 1519 834 1581 Musa
848 1518 994 1595 fugasset,

223 1601 312 1676 Quod
326 1603 396 1678 legi,
418 1609 470 1662 toa
483 1615 548 1664 vox
562 1601 755 1665 exhibuisset
770 1617 870 1678 opus·

181 1685 283 1761 thue
297 1683 340 1746 fui
357 1686 477 1759 solitus,
501 1685 655 1747 sedissem
669 1685 797 1747 icrsitan
812 1701 892 1747 unus

221 1768 268 1828 De
283 1775 404 1832 centum
419 1769 514 1831 iudex
527 1769 559 1829 in
572 1774 626 1832 tua
639 1770 735 1830 verba
748 1767 840 1850 virise

131 1857 166 1912 ιι
180 1851 280 1914 Maior
294 1857 324 1912 et
337 1853 497 1929 implesset
511 1853 692 1928 praecordia
706 1858 812 1913 nostra
825 1851 978 1930 voluptas,

223 1934 298 1997 cum
311 1935 448 1996 traherer
462 1936 553 1996 dietis
568 1937 795 2012 adnueremque
808 1935 879 1999 tuis.

182 2017 278 2094 Quem
292 2021 437 2094 quoniam
451 2019 545 2080 iatum
559 2019 649 2082 vobis
664 2021 825 2096 patriaque
838 2019 953 2080 relictis
969 2029 973 2035 ‘

221 2103 302 2163 inter
315 2103 498 2164 inhumanos
512 2104 617 2165 maluit
633 2117 706 2166 esse
720 2103 822 2176 Getas,

182 2185 271 2261 Quod
285 2185 365 2262 licet,
385 2193 420 2247 ut
435 2187 543 2247 videar
555 2193 657 2248 tecum
671 2187 769 2268 magis
785 2199 857 2246 esse
870 2185 1012 2264 legendo,

130 2275 166 2334 to
221 2267 333 2346 Saepe,
356 2284 482 2347 precor,
506 2271 599 2332 studii
613 2272 742 2347 pignora
756 2269 840 2330 mitte
853 2267 912 2330 tula

180 2351 395 2430 Exemploque
409 2369 488 2428 meo,
512 2352 572 2415 nisi
587 2353 762 2431 dedignaris
777 2351 810 2412 id
823 2351 933 2430 ipsum,

220 2436 322 2515 Utere,
344 2437 429 2513 quod
442 2436 533 2498 nobis
547 2438 661 2501 rectius
676 2438 745 2514 ipse
759 2437 861 2497 dores.
918 2505 919 2508 Ἴ

178 2517 316 2596 Namque
331 2535 399 2597 ego,
424 2521 476 2597 qui
491 2522 568 2598 perii
585 2521 793 2598 iampridem,
811 2519 953 2596 Maxime,
973 2517 1074 2596 vobis,

220 2603 346 2700 Ingenio
361 2605 441 2666 nitor
454 2621 516 2666 non
531 2606 662 2680 periisse
676 2619 755 2664 meo.

136 2694 172 2749 ιιι
181 2687 291 2748 Redde
304 2687 413 2763 vicem,
435 2703 493 2749 nee
506 2704 577 2748 rara
590 2688 632 2748 tui
642 2686 827 2748 monimenta
841 2685 957 2747 laboris

224 2769 387 2845 Accipiam
400 2777 534 2845 nostrae,
555 2776 641 2847 grata
655 2771 763 2842 lutura,
788 2783 906 2828 manus.

138 2851 236 2916 Dic
249 2858 360 2928 omnen,
383 2869 402 2915 o
416 2855 537 2916 iuvenis
553 2862 581 2914 st
569 2854 723 2914 ludicrum
737 2854 828 2928 plene
842 2851 989 2926 meorum,
1092 2923 1096 2926 ,

218 2932 339 3011 Ecquid
354 2935 392 2996 ab
408 2937 480 2999 his
472 2937 550 3016 rpsis
565 2936 752 2998 admoneare
765 2935 835 2997 mei

176 3015 308 3097 Ecquid,
328 3018 381 3079 ubi
395 3029 447 3083 aut
460 3021 571 3082 recitas
586 3021 699 3082 iactum
711 3019 806 3081 modo
822 3033 945 3080 carmen
959 3016 1075 3093 amieis,

134 3103 292 3176 loAut,
314 3103 399 3178 qued
412 3120 508 3181 saepe
522 3106 615 3180 soles,
639 3103 737 3178 exigis
750 3109 786 3164 ut
798 3093 934 3178 re'eitent,

134 3110 333 3247 ⁴⁰Interdum
349 3187 511 3264 queriturt
510 3203 551 3252 ua
563 3203 660 3262 mens,
682 3187 776 3248 oblita
790 3186 866 3263 quid
879 3185 968 3262 absit,

217 3268 331 3332 Nescio
348 3271 424 3347 quid
437 3278 520 3333 certe
534 3271 626 3332 sentit
639 3272 751 3332 abesse
765 3269 835 3330 suit

176 3349 279 3426 thue
293 3353 379 3430 loqui
395 3353 434 3416 de
447 3370 497 3415 me
511 3355 637 3416 multum
652 3359 815 3429 praesente
828 3351 962 3425 solebas,

218 3435 307 3498 Nunc
322 3453 447 3514 quoque
460 3437 592 3500 Nasonis
606 3453 719 3499 nomen
733 3437 764 3497 in
780 3452 833 3498 cre
847 3443 899 3496 tuo
915 3440 983 3494 estt
