2520 4012
163 231 210 296 ‘54
543 231 769 293 TnlsTlUltt

212 384 305 445 slarn
319 384 416 442 violas
432 382 581 457 puerique
596 383 699 457 legunt
713 383 887 458 hilaresque
902 389 1031 462 puellae,

285 467 412 528 Rustica
427 482 505 541 quas
520 467 603 526 nullo
619 473 699 526 terra
712 475 834 526 serente
848 467 940 529 vehit.

245 547 398 624 Prataque
413 549 585 624 pubescunt
599 550 750 610 variorum
765 547 842 610 flore
857 552 1009 614 colorum:

287 633 476 708 Indocilique
490 633 604 707 loquax
618 640 738 706 gutture
752 640 858 692 vernat
873 635 948 694 evis.

102 777 104 780 .
245 717 345 790 thue
364 717 462 774 malae
478 717 590 774 crimen
604 714 708 776 matris
723 716 856 791 deponat
869 716 1008 790 hirundo,

199 811 233 864 10
288 798 351 858 Sub
366 798 501 858 trabibus
518 813 613 858 cunas
628 804 770 873 tectaque
783 814 880 872 parva
895 800 974 860 lacit.

245 881 418 955 Herbeque‚
435 896 512 955 quae
527 881 612 939 latuit
625 880 799 941 Cerealibus
817 881 925 942 obruta
938 885 1043 956 sulcis,

286 964 409 1024 Exserit
423 979 440 1021 e
455 963 558 1036 tepida
572 963 663 1022 molle
672 979 822 1024 *cacumen
838 963 939 1024 harno.

246 1048 375 1120 Quoque
389 1046 458 1106 loeo
473 1053 520 1105 est
532 1046 613 1118 vitis,
628 1046 668 1105 de
683 1046 805 1120 palmite
818 1061 938 1120 gemina
953 1056 1107 1109 nrovctura

282 1131 360 1212 ⁴Nam
374 1129 483 1204 proc'ul
497 1145 516 1188 a
532 1129 635 1189 Getico
650 1130 738 1190 litore
752 1129 821 1188 vitis
836 1129 933 1190 abest.

197 1229 230 1282 15
246 1212 374 1288 Quoque
389 1213 458 1273 loco
474 1216 521 1270 est
535 1211 633 1285 arbor,
649 1212 795 1286 turgescit
808 1212 839 1270 in
854 1213 964 1274 arbore
976 1229 1096 1274 ramus:

286 1296 362 1356 Nem
376 1296 484 1370 procul
499 1311 518 1353 u
532 1295 643 1354 Geticis
657 1295 771 1354 finibus
786 1295 877 1355 arbor
892 1297 988 1356 abest.

246 1377 312 1439 Otia
327 1395 409 1438 nunc
423 1375 501 1451 istic,
515 1378 686 1452 iunctisque
700 1393 740 1436 ex
755 1378 861 1438 ordine
874 1379 954 1438 ludis

287 1461 404 1521 Cedunt
415 1459 539 1520 verbosi
552 1462 674 1534 garrula
687 1461 766 1519 bella
781 1460 847 1520 lori.

244 1545 344 1604 Lusus
360 1545 448 1618 equis
464 1559 545 1602 nunc
558 1549 614 1616 est,
627 1542 746 1603 levibus
761 1557 841 1602 nunc
855 1541 967 1603 luditur
981 1543 1087 1604 aruris:

196 1644 231 1696 20
285 1627 371 1686 Nunc
386 1623 457 1700 pila,
472 1641 552 1686 nunc
567 1623 657 1685 celeri
673 1626 803 1686 volvitur
817 1626 891 1686 orbe
905 1626 1043 1690 trochus:

243 1709 330 1770 Nunc
343 1708 396 1768 ubi
410 1709 536 1783 perlusa
551 1714 598 1768 est
612 1710 680 1768 oleo
694 1709 814 1768 labente
830 1710 979 1783 iuventus,

284 1791 434 1852 Delessos
448 1798 532 1851 artus
546 1789 672 1866 Virgine
686 1792 792 1866 tinguit
806 1808 897 1867 aqua.

244 1873 346 1934 Scene
363 1873 453 1948 vigel,
469 1874 639 1948 studiisque
654 1875 741 1934 lavor
755 1873 936 1934 distantibus
953 1875 1046 1946 ardet,

287 1957 423 2032 cumque
437 1957 534 2016 tribus
547 1965 693 2018 resonant
706 1964 792 2017 terna
806 1959 923 2019 theatra
938 1957 1022 2017 lorIs.

193 2057 228 2110 25
245 2039 269 2100 0
285 2048 399 2116 quater,
416 2056 434 2100 o
451 2040 592 2115 quotiens
607 2057 669 2100 non
683 2047 731 2100 est
745 2056 911 2116 numerare,
927 2041 1056 2113 beatum,

287 2123 354 2184 Non
369 2124 526 2182 interdicta
541 2123 589 2183 cui
603 2124 672 2183 licet
684 2123 768 2184 Urbe
779 2125 853 2190 fruit

243 2207 284 2265 At
297 2206 369 2266 mihi
385 2203 512 2266 sentitur
526 2205 577 2264 nix
593 2221 689 2266 verno
705 2208 771 2266 sole
785 2208 894 2278 soluta,
982 2237 987 2246 =

285 2289 430 2363 Quaeque
443 2291 513 2348 lecu
527 2289 603 2348 duro
621 2305 682 2351 non
696 2289 851 2350 fodiuntur
865 2303 979 2363 aquae:
1128 2365 1130 2370 Ι

243 2367 402 2429 Neomare
417 2370 587 2431 concrescit
600 2372 705 2444 glacie,
721 2387 777 2430 nec
791 2379 824 2432 ut
838 2379 916 2444 ante,
932 2387 987 2446 per
1000 2373 1136 2434 Histrum

194 2457 230 2510 30
286 2451 419 2520 Stridula
433 2452 629 2514 Sauromates
644 2456 780 2527 plaustra
793 2454 944 2514 bubulcus
959 2456 1028 2528 agit

243 2531 391 2608 incipient
404 2537 525 2610 aliquae
539 2542 638 2594 tamen
653 2535 712 2596 huc
727 2535 841 2596 adnare
856 2536 984 2609 carinae,

283 2618 475 2693 Hospituque
489 2617 519 2676 in
532 2616 619 2678 Ponti
630 2619 720 2679 litore
733 2620 846 2694 puppis
862 2619 929 2678 erit.

243 2699 375 2762 Sedulus
390 2715 547 2761 occurram
562 2707 680 2776 nautae,
696 2702 838 2776 dictaque
857 2701 962 2772 salute,

285 2782 363 2856 Quid
377 2783 488 2857 veniat,
506 2799 658 2858 quaeram,
674 2784 785 2859 quisve
806 2783 956 2859 quibusve
971 2783 1056 2843 loeis.

191 2873 225 2926 35
240 2865 293 2924 Ille
309 2865 440 2939 quidem,
455 2867 564 2925 mirum
577 2867 608 2924 ni
623 2866 662 2925 de
676 2866 801 2942 regione
815 2867 989 2942 propinqua

284 2945 350 3006 Non
364 2947 422 3005 nisi
438 2947 553 3008 vicinas
568 2954 650 3008 tulus
671 2950 761 3008 ararit
775 2965 881 3024 aquas.
1006 2965 1008 2968 ·

241 3028 341 3087 Rarus
356 3028 394 3086 ab
409 3029 494 3087 ltalia
508 3036 622 3090 tanturn
636 3046 719 3090 mare
734 3031 836 3092 navita
849 3029 965 3103 transit,

279 3110 382 3169 Litora
394 3126 482 3170 rarus
496 3111 526 3170 in
541 3112 617 3172 haec
630 3115 779 3187 portubus
795 3114 870 3174 orba
884 3115 975 3172 venit.

242 3190 314 3251 Sive
327 3198 427 3250 tamen
444 3195 561 3254 Graeca
575 3195 684 3270 scierit,
701 3197 765 3255 sive
779 3197 830 3255 ille
843 3195 951 3256 Latina

192 3281 226 3334 40
279 3275 366 3334 Voce
381 3275 475 3350 loqui,
490 3283 570 3336 certe
585 3277 698 3351 gratior
712 3295 788 3339 usus
803 3278 870 3338 erit.

238 3355 297 3416 Fas
313 3373 438 3432 quoque
451 3359 491 3416 ab
506 3374 559 3418 ore
574 3359 642 3420 freti
657 3363 828 3435 longaeque
841 3357 1047 3438 Propontidos
1062 3358 1155 3420 undis
1170 3385 1172 3388 ·

278 3439 344 3498 Huc
360 3439 491 3526 aliquem
507 3447 588 3501 certo
603 3443 671 3501 vela
686 3443 811 3505 dedisse
825 3451 908 3504 noto.
970 3501 972 3504 .
