2524 4004
393 253 452 329 IV,
474 250 529 328 10,
551 250 695 327 el—tt,
717 251 768 316 22.
1031 257 1092 322 tat

109 423 144 480 'lt
154 411 210 487 Qui
226 421 414 486 quamquam
428 411 476 467 est
490 403 579 464 iactis
594 404 703 478 ingens
718 413 748 468 et
763 407 903 472 conditur
917 423 936 469 u
949 415 979 470 te

191 493 248 554 Vir
261 496 357 565 tantm
378 495 491 565 quanto
508 484 613 548 debuit
628 502 682 548 ore
698 489 775 565 ceni,
808 505 811 510 ·

151 580 206 640 Est
219 579 322 638 tamen
337 589 377 636 ex
390 573 443 634 illa
458 569 548 633 nubis
562 569 708 632 imitabile
724 573 886 649 quiddam=

191 663 289 737 Inque
303 659 367 719 fide
381 656 519 720 Theseus
534 653 664 733 quilibet
676 670 748 718 esse
761 665 874 734 potest.

151 745 220 808 Non
233 743 288 806 tibi
303 748 375 804 sunt
387 739 495 803 hostes
510 740 591 802 terre
607 740 758 818 clavaque
772 743 926 819 domandi,
972 813 974 817 v

109 841 146 896 80
196 831 255 890 Per
270 842 349 904 quos
365 825 419 886 vix
432 825 485 885 ulli
499 823 625 902 pervius
639 823 772 889 Isthmus
787 834 866 892 erat:

153 913 217 976 Sed
230 911 436 989 praestandus
451 924 546 983 emor,
567 923 618 968 res
636 924 697 969 nen
713 927 848 988 operosa
863 910 986 976 volenti.

195 996 268 1071 Quis
282 995 371 1056 leber
384 1000 433 1054 est
442 1009 551 1069 puram
566 1007 629 1052 nun
643 999 812 1059 temerasse
827 997 941 1059 ildeml

152 1079 238 1142 Haec
249 1079 313 1154 tibi,
337 1078 389 1155 qui
403 1083 525 1154 perstas
539 1074 742 1140 indeclinatus
759 1081 867 1154 amice,

192 1164 260 1225 Non
276 1169 324 1224 est
339 1163 424 1239 qued
439 1163 544 1236 lingua
558 1159 640 1220 dicta
656 1171 801 1236 querente
816 1171 916 1241 putes.

471 1300 685 1314 man—-

71 1349 142 1444 ii·
198 1377 435 1443 euntium.

157 1461 269 1573 Gallio,
292 1500 408 1560 crimen
423 1498 481 1560 erit
493 1497 547 1558 vix
561 1497 739 1562 excusabile
754 1498 854 1572 uobis,

197 1583 336 1646 Carmine
350 1590 507 1650 leuamen
521 1597 585 1643 nan
598 1579 747 1645 habuisse
761 1599 840 1644 meo.

152 1669 198 1729 Tu
212 1683 337 1744 quoque
353 1667 464 1731 enim...
477 1666 633 1728 memini...
651 1667 776 1728 caelesti
791 1667 921 1745 cuspide
938 1668 1018 1732 lacta

195 1750 312 1813 Fovisti
325 1751 460 1829 lacrimis
474 1751 603 1812 vulnere
617 1756 725 1815 nostra
738 1751 808 1812 tuis.
851 1767 853 1772 ·
894 1815 895 1820 ,

122 1845 139 1900 5
151 1836 254 1910 Atque
267 1835 382 1897 aduam
395 1834 476 1914 rapti
490 1835 608 1896 iactura
623 1834 728 1898 laesus
742 1835 831 1896 andei

194 1918 356 1980 Sensisses
372 1919 459 1994 ultra,
483 1919 567 1994 quud
583 1933 754 1996 quererere,
776 1920 865 1981 nihil!

151 2003 220 2062 Non
235 2003 277 2064 ita
291 2003 340 2065 dis
354 2003 477 2079 placuit
499 2003 595 2079 quite
610 2003 745 2079 spatiare
761 2004 876 2081 pudica

194 2086 331 2162 Coniuge
346 2085 487 2148 crudeles
502 2102 565 2148 non
579 2085 715 2148 habuere
729 2089 827 2150 nefas.

136 2169 138 2171 ’
150 2169 263 2230 Nuntia
277 2186 348 2230 nam
361 2171 461 2233 luctus
475 2169 549 2232 mihi
564 2186 664 2246 nuper
678 2173 811 2248 epistola
825 2172 923 2232 venit:

110 2261 145 2320 lo
196 2255 352 2330 Lectaque
366 2269 435 2318 cum
448 2252 582 2316 lacrimis
597 2261 669 2316 sunt
684 2255 862 2322 tuademna
876 2255 962 2318 meis.

152 2337 218 2400 Sed
231 2353 337 2424 nequew
347 2339 530 2416 prudentem
546 2338 640 2400 solari
655 2338 775 2402 stultior
789 2339 898 2416 ausim,

193 2420 361 2498 verbaque
376 2423 538 2486 ductemm
552 2429 625 2486 uota
635 2423 754 2484 reterre
766 2423 837 2486 libis

151 2504 344 2583 Finitumque
360 2513 454 2583 tuum,
477 2507 505 2568 si
519 2521 582 2567 nun
596 2507 724 2582 ratione,
747 2508 888 2572 dolorem

10 2661 11 2664 Ἴ
133 2597 136 2599 ’
194 2591 269 2665 Ipsa
282 2590 343 2652 iam
358 2592 480 2667 pridem
494 2591 638 2667 suspicor
652 2605 724 2653 esse
737 2607 832 2654 mura.

110 2672 235 2738 lelium
248 2678 301 2736 tue
314 2675 463 2752 pervenit,
484 2675 558 2742 dum
569 2675 669 2736 littere
682 2681 788 2738 nestra
800 2689 963 2738 recmrens

193 2757 250 2819 Tot
264 2760 360 2821 maria
374 2775 411 2820 ac
425 2765 523 2826 terras
539 2766 686 2834 permeat,
703 2775 806 2826 ,annus
822 2757 894 2821 abit.

151 2840 312 2918 Temporis
328 2843 464 2910 cilicium
477 2842 595 2916 solacia
610 2842 713 2905 dicere
728 2846 801 2906 cerii
816 2851 886 2918 est,v
905 2899 909 2906 .

192 2926 270 2988 Dum
285 2925 376 2989 delur
388 2928 420 2990 in
435 2943 530 2989 cursu
544 2933 600 3000 est,
623 2928 694 2989 dum
709 2929 784 3004 petit
798 2941 891 3004 aeger
906 2943 1005 3004 opem,

153 3009 193 3070 At
206 3024 274 3069 eum
288 3010 384 3087 louge
398 3013 464 3074 dies
480 3011 600 3072 sedavit
615 3012 742 3072 vulnera
756 3013 874 3088 mentis²

110 3099 145 3153 20
195 3093 414 3171 Intempestive
429 3095 482 3172 qui
497 3095 654 3168 iuvetite,
677 3104 780 3166 novat.
820 3130 822 3140 =
841 3153 843 3161 ,

151 3176 244 3237 Adde
259 3180 374 3253 qued...
390 3171 483 3257 atque
500 3177 617 3240 utinam
630 3193 738 3240 verum
752 3181 806 3245 tibi
820 3181 939 3243 venerit
955 3193 1044 3243 umen
1053 3189 1092 3240 t...

195 3259 342 3338 coniugio
358 3265 431 3328 felix
444 3265 506 3325 iam
519 3269 609 3339 potes
625 3277 697 3324 esse
712 3276 806 3329 novus.
858 3311 880 3330 „

114 3609 194 3656 evm.
216 3595 267 3656 ΠΙ.
