2454 4004
156 201 220 268 am
484 196 488 207 ⁴
526 147 796 259 arsionum

281 350 470 414 Abstulerint
482 351 598 410 celeres
613 349 753 426 improba
767 349 848 409 dicta
866 351 940 410 noti.
1054 345 1060 354 ’

239 437 276 497 Et
291 441 415 512 pateant
428 433 570 494 veniente
584 434 633 495 die
647 433 783 510 periuria
795 433 895 507 nobis,

280 521 343 580 Nec
358 524 465 578 curent
479 518 582 594 superi
597 519 688 593 siqua
701 518 822 578 locutus
838 533 902 577 ero.

132 629 137 638 ·
238 604 285 663 Da
297 604 390 662 modo
406 602 490 662 lucra
508 601 596 675 milri,
614 601 655 660 da
669 601 750 661 iacto
766 598 879 675 gaudia
893 601 988 674 lucro,

66 683 70 691 '
174 691 226 752 690
283 687 320 747 Ε1
334 689 417 760 lace,
431 692 466 746 ut
479 685 609 760 emptori
624 685 718 744 verba
733 684 860 744 dedisse
879 684 984 747 iuvet!

236 770 320 830 Talia
333 770 501 830 Mercurius
516 775 682 844 poscentes
694 762 776 829 ridet
789 768 828 828 ab
843 768 913 842 alto,

280 853 321 938 Se
336 867 453 914 memor
467 852 611 932 Ortygias
626 851 815 927 surripuisse
835 851 943 912 boves.

599 985 649 1048 20.
670 985 727 1044 DC

236 1107 276 1166 At
291 1101 363 1165 milri
378 1105 495 1181 pande,
512 1120 637 1180 precor,
657 1110 740 1164 tanto
756 1103 882 1165 meliora
898 1103 1020 1178 petenti,

277 1191 310 1248 ln
327 1189 470 1250 Geminos
486 1204 525 1248 ex
543 1203 603 1263 quo
618 1195 758 1264 tempore
775 1186 917 1248 Phoebus
933 1192 990 1245 eat.

172 1279 223 1336 695
238 1271 324 1334 ‘Cum
339 1273 463 1333 totidem
478 1273 518 1331 de
532 1287 638 1332 mense
653 1269 721 1331 dies
737 1285 901 1346 superesse
915 1270 1044 1343 videbis,

278 1356 357 1429 Quot
372 1363 442 1415 sunt
454 1356 596 1415 Herculei
615 1355 701 1420 facia
711 1353 838 1414 laboris’
854 1355 904 1414 ait.

125 1509 128 1516 ,
235 1439 314 1498 ‘Dic’
331 1455 388 1514 ego
403 1439 552 1513 respondi
567 1443 705 1499 ‘causam
720 1437 795 1496 mihi·
808 1437 917 1496 sideris
932 1436 1047 1498 huius?
1084 1491 1087 1496 ,

279 1522 409 1583 Causam
424 1522 557 1583 facundo
573 1521 707 1581 reddidit
722 1519 886 1581 ore'deus:

235 1603 445 1666 ‘Abstulerant
459 1611 563 1680 raptas
572 1603 720 1666 'Phoeben
735 1602 936 1678 Phoebesque
952 1619 1091 1667 sororem

170 1696 222 1753 ⁷00
279 1688 474 1766 Tyndaridae
489 1691 614 1760 iratres,
632 1687 682 1746 hic
702 1701 815 1762 equeS,
831 1687 881 1746 ille
896 1688 991 1762 pugil.

205 1795 206 1798 ¹
227 1772 319 1832 -Bella
333 1780 454 1847 parant,
470 1778 672 1847 repetuntque
688 1787 762 1832 suas
777 1777 807 1830 et
821 1771 913 1830 frater
927 1778 957 1830 et
974 1772 1055 1844 idas,

275 1856 432 1930 Leucippo
448 1857 513 1918 lieri
531 1861 637 1930 pactus
652 1862 782 1931 uterque
797 1871 901 1930 gener.

233 1939 288 1998 His
304 1955 402 2013 amor,
422 1945 456 1998 ut
471 1945 623 2015 repetant,
641 1939 715 2010 illis,
733 1946 766 2000 ut
779 1940 911 1999 reddere
926 1941 1031 2012 nolint,

276 2021 400 2083 Suadet.
430 2029 460 2082 et
474 2039 513 2082 ex
528 2039 623 2082 causa
639 2029 752 2098 pugnat
766 2029 894 2100 uterque
909 2025 984 2098 pari.

170 2111 220 2170 tos
235 2104 377 2180 Effugere
392 2103 556 2166 Oebalidae
572 2122 663 2167 cursu
678 2113 806 2182 potuere
820 2113 999 2180 sequentes:

276 2187 338 2250 Sed
354 2189 455 2249 visum
472 2190 564 2249 celeri
578 2191 703 2250 vincere
715 2197 804 2266 turpe
819 2191 901 2264 luga.

231 2271 322 2331 Liber
336 2271 374 2330 ab
390 2273 551 2334 arboribus
567 2275 653 2335 locus
670 2280 732 2346 est,
754 2280 825 2348 apta
840 2267 912 2332 area
926 2288 1064 2348 pugnae:

276 2355 477 2415 Constiterant
497 2357 567 2416 illic.
601 2373 712 2418 nomen
728 2357 874 2431 Aphidna
887 2357 966 2416 loco.

231 2436 359 2496 Pectora
370 2439 515 2498 traiectus
532 2439 657 2516 Lynceo
673 2440 781 2516 Castor
796 2441 840 2513 ab
850 2455 925 2500 ense
980 2463 982 2476 =

166 2528 219 2583 ilo
272 2520 339 2581 Non
354 2518 514 2595 expectato
530 2523 656 2582 volnere
676 2524 789 2599 pressit
802 2523 936 2583 humum.

229 2604 317 2678 Ultor
334 2605 423 2664 adest
435 2603 557 2680 Pollux,
573 2612 603 2665 ct
616 2607 742 2682 Lyncea
756 2608 892 2684 periurat
904 2606 995 2665 basta

273 2687 339 2760 Qua
354 2688 458 2747 cervix
472 2689 616 2749 humeros
634 2691 808 2750 continuata
824 2689 946 2769 premit

228 2773 295 2832 Ibat
309 2770 339 2829 in
354 2771 434 2830 bunc
448 2772 534 2845 Idas,
550 2773 666 2847 vixque
681 2780 729 2832 est
742 2772 825 2834 Iovis
840 2773 910 2847 igne
924 2771 1086 2846 repulsura

270 2854 341 2915 Tela
356 2861 456 2914 tamen
472 2857 598 2915 dextrae
613 2855 739 2916 fulmine
755 2863 844 2930 rapta
858 2861 979 2929 negant.

164 2944 215 3001 ms
229 2937 354 3012 lamque
368 2938 437 3011 tibi,
451 2938 574 3012 Pollux,
590 2940 709 3000 caelum
724 2938 852 2999 sublime
866 2937 999 3014 patebat,
1090 3002 1092 3016 ,

178 3058 181 3062 -
270 3019 342 3080 Cum
358 3019 477 3080 “Mea”
493 3021 596 3082 dixisti
611 3024 761 3098 “percipe
776 3022 885 3095 verba,
905 3028 1010 3096 pater!
1112 3034 1115 3044 ¹

226 3101 315 3176 Quod
329 3102 401 3164 mihi
417 3105 474 3164 das
489 3107 541 3165 uui
559 3107 690 3179 caelum,
707 3107 820 3181 partire
836 3104 973 3166 duobus:
1086 3117 1088 3124 ¹

268 3186 433 3247 Dimidium
448 3195 512 3249 toto
529 3205 654 3250 munere
667 3191 768 3250 maius
783 3190 875 3250 erit.'’
971 3223 974 3226 -

225 3269 322 3343 Dixit,
339 3277 368 3329 et
381 3267 496 3332 alterna
510 3272 633 3332 fratrem
649 3273 779 3334 statione
793 3271 932 3333 redemit

162 3357 214 3416 720
268 3351 348 3412 Utile
362 3354 509 3416 sollicitae
525 3355 612 3416 sidus
626 3363 788 3432 utrumque
802 3356 883 3416 rati!
