2454 4004
182 175 255 272 000
335 257 337 263 .
447 207 450 212 *¹
561 204 881 276 rasronuu

308 360 370 420 Seu
385 374 498 419 curvae
512 359 615 432 lalcis,
632 357 699 418 sive
714 355 847 416 bidentis
863 362 936 414 erat.

200 453 252 508 695
266 445 349 504 llaec
364 443 456 502 modo
472 441 613 502 verrebat
627 447 755 502 stantem
770 439 892 499 tibicine
906 439 1022 516 villam,

304 529 390 586 Nunc
405 526 508 586 matris
523 526 635 602 plumis
652 541 711 584 ova
725 523 859 585 fovenda
874 521 980 592 dabat:

159 605 160 610 ’
266 612 328 672 Aut
342 610 457 670 virides
472 611 605 683 malvae,
629 615 680 669 aut
694 609 805 682 iunges
820 606 935 680 colligit
949 606 1051 682 07000,

305 697 368 754 Aut
382 693 525 754 humilem
539 700 625 768 grato
641 692 762 752 calfacit
775 691 846 766 igne
860 691 972 758 focum.
1074 740 1077 741 γ

264 777 302 837 Et
315 786 415 836 tamen
431 777 565 837 assiduis
581 783 704 836 exercet
716 773 862 836 bracchia
876 774 953 845 telis,

198 869 249 924 700
304 861 528 936 Adversasque
542 861 639 920 minas
654 858 775 934 trigoris
791 874 876 916 arma
891 863 987 932 parat.

264 945 359 1006 Filius
376 943 466 1004 huius
484 952 548 1003 erat
564 944 658 1020 primo
674 943 808 1002 lascivus
823 941 855 1000 iu
869 954 957 1015 aevo,

306 1027 539 1102 addideratque
554 1043 651 1088 annos
666 1027 707 1086 ad
722 1027 783 1086 duo
799 1026 895 1087 lustra
910 1025 998 1096 duos,

265 1113 295 1172 ls
310 1112 393 1187 capit
406 1113 531 1170 extremi
548 1112 671 1188 volpem
687 1109 827 1170 convalle
842 1108 954 1168 salicti:

304 1195 480 1254 Abstulerat
494 1197 603 1254 multas
619 1195 670 1252 illa
685 1193 819 1254 cohortis
834 1208 919 1252 aves.
956 1245 958 1248 .

195 1287 247 1342 700
263 1279 420 1354 Captivam
435 1279 547 1354 stipula
561 1280 716 1352 faenoque
731 1277 866 1348 involvit,
890 1281 921 1334 et
934 1275 1020 1348 ignes

201 1375 203 1378 ·
304 1357 467 1422 Admovet.
499 1369 622 1422 urentes
638 1361 744 1435 effugit
758 1361 810 1419 illa
824 1375 942 1418 uranus,
960 1391 964 1394 -

264 1445 329 1518 Qua
344 1445 433 1520 fugit,
449 1446 582 1506 incendit
596 1446 724 1505 vestitos
739 1443 893 1504 messibus
908 1457 1017 1516 agros:

244 1524 248 1528 ’
304 1529 468 1589 Damnosis
483 1530 565 1588 vires
580 1529 701 1604 ignibus
718 1545 793 1588 aura
808 1525 909 1586 dabat.
990 1523 992 1525 ’

262 1610 395 1674 Factum·
409 1613 495 1687 abiit,
525 1615 709 1674 monimenta
736 1618 868 1672 manent.
913 1617 1043 1684 namque
1071 1609 1150 1671 icere

902 1696 1021 1768 captam
1111 1729 1151 1739 -

195 1789 249 1846 710
303 1781 388 1842 Nunc
405 1795 529 1854 quoque
543 1781 594 1840 lex
608 1782 732 1856 volpem
750 1778 936 1850 Carseolana
950 1782 1054 1836 vetat?

262 1863 362 1938 thue
380 1865 442 1924 luat
455 1881 574 1939 poenas
590 1864 773 1940 gerebam,
791 1861 956 1923 Cerialibus
972 1860 1074 1922 ardete

301 1947 430 2024 Quoque
446 1948 538 2008 modo
554 1956 675 2023 segetes
691 1947 832 2024 perdidit,
848 1945 918 2021 ipsa
932 1945 1019 2020 perit.

617 2073 780 2144 adila

260 2201 403 2276 Proxima
421 2216 488 2260 cum
502 2201 604 2261 veniet
617 2207 713 2260 terras
729 2201 834 2260 visura
849 2206 988 2275 patentes

300 2284 471 2344 Memnonis
486 2284 515 2342 70
531 2285 631 2344 roseis
647 2284 729 2344 lutea
744 2292 840 2344 mater
854 2285 952 2360 equis,
994 2279 996 2284 ’

192 2375 243 2430 715
258 2367 303 2426 De
319 2369 397 2428 duce
412 2365 537 2442 lanigeri
551 2368 688 2442 pecoris,
705 2368 755 2442 qui
773 2367 909 2443 prodidit
922 2369 1037 2444 Hellen,

299 2449 351 2510 Sol
367 2451 438 2510 0070.
469 2467 596 2524 egresso
611 2451 735 2512 victima
749 2453 846 2512 maior
861 2453 959 2512 adest.

257 2537 362 2595 Vacca
376 2535 416 2594 sit
430 2550 468 2594 an
483 2542 597 2610 taurus,
617 2551 679 2596 non
694 2541 742 2594 est
756 2551 946 2609 cognoscere
960 2541 1155 2610 promptum:

246 2691 247 2694 Ἴ
296 2617 371 2678 Pars
387 2619 471 2694 prior
486 2625 626 2693 apparet,
643 2619 815 2694 posteriora
829 2621 931 2678 latent.
995 2640 997 2646 ’

258 2702 318 2764 Seu
333 2710 432 2764 tamen
448 2708 495 2762 est
508 2710 628 2778 taurus,
651 2703 719 2762 sive
733 2709 782 2763 est
795 2703 855 2762 hoc
870 2703 982 2764 femina
997 2701 1132 2776 signum,

189 2793 241 2848 700
293 2788 408 2847 100000
422 2787 516 2846 invita
530 2802 639 2846 munus
656 2787 768 2846 amoris
783 2786 884 2846 habet.
997 2842 1001 2848 .

540 2919 591 2982 21.
616 2919 758 2980 Graa-
774 2913 830 2980 lli

255 3035 322 3095 Nox
338 3035 424 3110 abiit,
448 3038 603 3113 oriturque
618 3054 737 3101 aurora.
766 3035 876 3104 Parilia
891 3051 1014 3112 poscor.

294 3119 361 3178 Non
378 3136 492 3196 poscor
507 3123 631 3196 frustra,
649 3123 676 3182 si
691 3123 774 3182 lavet
788 3121 868 3182 elma
880 3121 979 3180 Pales.

253 3204 343 3264 Alma
357 3203 460 3276 Pales,
483 3207 588 3266 faveas
604 3205 743 3282 pastoria
756 3221 847 3266 sacra
861 3205 1003 3277 cenerati,r

294 3284 469 3360 Prosequor
483 3289 585 3348 alticio
598 3289 629 3350 ‘si
642 3297 695 3350 tua
711 3290 790 3350 festa
804 3289 866 3364 pio.

188 3373 239 3430 700
255 3368 341 3427 Certe
355 3384 413 3442 ego
429 3369 468 3428 de
482 3371 575 3432 vitulo
591 3374 723 3434 cinerem
737 3373 929 3448 stipulasque
944 3370 1058 3432 iubatis

292 3449 393 3525 Saepe
407 3452 460 3510 tuli
474 3454 579 3530 plena,
601 3457 708 3518 februa
724 3464 822 3532 cesta,
845 3471 946 3518 manu
