2524 4004
472 211 530 286 111,
552 209 586 287 7,
609 209 706 288 1-9,
729 209 759 274 5.
786 202 790 214 ⁴

232 363 296 427 Sed
310 362 425 440 siquis
439 368 573 438 peteret,
589 363 641 436 qui
657 363 732 424 dare
747 364 853 440 vellet,
870 370 943 425 erat.

188 447 362 512 Dummodo
382 463 444 506 non
459 445 549 506 nobis
564 446 624 505 hoa
641 445 781 506 Caesaris
797 448 982 526 nenegant

142 542 179 598 40
231 533 365 594 Fortiter
379 529 509 592 Euxinis
524 526 721 590 inmoriemur
735 530 835 604 aquis.

138 715 181 810 St
236 748 436 812 nummo.

193 833 284 938 Quae
297 866 367 944 tibi,
382 863 583 942 quaerebam,
599 880 766 926 memorem
778 866 921 928 testantia
937 881 1040 930 cauam

233 952 324 1012 Dona
336 948 518 1011 Tomitanus
531 949 650 1010 mittere
664 955 774 1025 posset
787 965 870 1025 ager.

191 1035 307 1111 Dignus
322 1047 357 1096 es
373 1039 517 1109 argento,
539 1033 623 1094 fulvo
639 1047 763 1108 quoque
778 1033 898 1108 dignior
912 1049 997 1096 auro.

149 1114 151 1120 ’
232 1117 295 1180 Sed
312 1124 359 1194 te,
375 1133 444 1178 oum
459 1115 574 1191 donas,
588 1115 651 1176 ista
663 1116 770 1177 iuvare
785 1117 899 1178 solante

163 1212 180 1266 5
194 1201 256 1262 Nea
268 1208 371 1263 tamen
385 1197 463 1261 haee
476 1200 547 1260 loca
561 1206 631 1260 sunt
643 1199 706 1261 utto
721 1201 858 1276 pretiosa
872 1201 1008 1262 metatio=

233 1285 341 1347 Hostis
357 1284 395 1345 ab
411 1283 547 1360 agricola
560 1282 614 1342 vix
628 1283 700 1344 sinit
712 1283 765 1343 illa
779 1283 853 1344 sodi.

191 1368 329 1446 Purpura
344 1383 439 1444 saepe
454 1375 525 1430 taos
540 1367 661 1442 fulgens
676 1367 829 1444 praetexit
842 1367 981 1430 amiotus.
1013 1405 1022 1422 ·

125 1453 128 1456 ’
234 1451 298 1514 Sed
312 1468 375 1513 non
390 1451 558 1512 Sarmatico
573 1447 697 1526 tingitur
711 1450 763 1510 illa
777 1451 862 1510 mari.

191 1537 317 1600 Vellera
338 1536 415 1598 dura
428 1535 529 1596 ierunt
542 1534 697 1610 pecudes,
714 1541 744 1596 et
756 1533 891 1596 Palladis
905 1532 949 1598 uti

142 1623 178 1690 ἰο
230 1621 305 1680 Arte
323 1619 499 1681 Tomitanae
513 1633 576 1678 non
591 1617 727 1678 didicere
741 1630 846 1680 nurus.

190 1703 317 1765 Femina
333 1719 390 1780 pro
408 1703 479 1762 lana
494 1701 625 1773 Cerialia·
637 1717 765 1762 munera
780 1701 899 1779 frangit,

230 1785 465 1866 Suppositoque
479 1800 605 1861 gravem
621 1787 733 1854 vertice
747 1792 848 1862 portat
862 1802 983 1864 aquam

190 1871 258 1933 Non
272 1870 322 1931 hic
338 1870 514 1948 pampineis
530 1868 668 1930 arnicitur
681 1867 793 1932 vitibus
808 1871 919 1946 ulmus
1090 1868 1093 1873 ’

231 1954 318 2018 Nulla
335 1959 477 2030 premunt
490 1967 594 2014 ramos
608 1952 748 2030 pondere
762 1970 856 2030 poma
872 1971 939 2018 suo.

142 2049 175 2102 1⁵
189 2038 299 2098 Tristia
314 2037 470 2100 deformes
486 2037 608 2112 pariunt
622 2036 775 2099 absinthia
791 2039 900 2115 campi,

161 2119 164 2122 ’
234 2123 389 2198 Terraque
404 2121 443 2182 de
458 2123 556 2181 iiuatu
574 2137 665 2196 quam
683 2121 723 2183 sit
736 2137 853 2198 amara,
870 2123 969 2184 dotet.

190 2202 238 2266 Nil
251 2205 343 2280 igitur
357 2211 422 2267 tota
434 2205 522 2266 Ponti
536 2206 662 2280 regione
677 2205 800 2280 sinistri,
1068 2269 1071 2273 ,

206 2301 208 2305 ”
235 2289 324 2363 Quod
339 2304 407 2350 mea
422 2287 570 2352 sedulitas
585 2289 704 2350 mittere
717 2296 840 2366 posset,
856 2297 929 2350 erat.
1047 2287 1050 2290 ’

192 2373 304 2434 Clausa
317 2379 418 2435 tamen
433 2373 503 2434 misi
519 2371 666 2449 Scythica
683 2373 738 2434 tibi
753 2374 815 2435 tela
828 2372 986 2448 pharetra:
1088 2440 1091 2455 ¹

134 2462 171 2518 ao
225 2455 323 2520 Hoste
337 2470 449 2534 pretor
462 2457 537 2517 fiant
554 2457 607 2518 illa
621 2463 746 2518 cruenta
759 2465 821 2519 tuo.

191 2541 257 2602 Hos
272 2540 456 2602 nabathaea
472 2541 623 2616 calamos,
645 2540 704 2602 hos
722 2539 907 2602 haesitabat
922 2556 977 2602 ora
990 2538 1121 2604 libellos.

230 2625 315 2686 Haeo
328 2623 412 2700 riget
425 2625 456 2684 in
471 2625 600 2701 nostris,
616 2625 757 2697 Maxime,
772 2624 862 2686 Musa
875 2625 968 2684 iocis!
1006 2639 1008 2642 ·

165 2767 166 2770 ,
191 2708 275 2782 Quae
290 2723 476 2784 quanquam
492 2709 616 2770 misisse
630 2709 739 2785 pudet,
756 2706 827 2784 quia
840 2723 938 2783 parva
950 2708 1100 2786 videatur,

231 2793 276 2854 'iu
288 2797 391 2852 tamen
405 2789 498 2869 haee,
515 2808 646 2868 quaeso,
663 2791 790 2853 eonsuie
804 2789 900 2852 missa
912 2790 995 2854 boni.

514 2935 713 2950 „nn——

126 2971 177 3082 i).
227 3005 393 3072 eauro.

193 3088 290 3196 Quod
305 3127 345 3191 sit
358 3131 389 3190 in
403 3129 452 3190 his
468 3129 577 3192 eadem
591 3129 756 3205 sententia,
771 3129 878 3206 Brute,
894 3128 1014 3206 libeliis,

230 3211 373 3275 Carmina
386 3213 493 3277 nescio
509 3228 601 3290 quem
614 3227 741 3292 carpere
755 3219 861 3277 nostra
873 3215 987 3274 reiers=

188 3293 237 3356 Nil
250 3297 311 3359 nisi
325 3311 375 3360 me
387 3304 469 3361 terra
484 3299 568 3360 iruar
581 3303 615 3362 ut
628 3297 776 3376 propiore
789 3313 909 3376 rogare,

212 3439 214 3442 ,
231 3379 269 3440 Ei
285 3397 378 3458 quam
393 3383 450 3446 sim
465 3382 563 3445 denso
579 3383 696 3446 rinctus
711 3381 750 3444 ab
765 3381 871 3458 hoste,
887 3379 980 3458 loqui.
1017 3429 1018 3434 ,

157 3461 232 3541 adt
248 3481 341 3540 quom
356 3467 395 3530 de
409 3466 510 3530 multis
524 3465 629 3530 vitium
646 3466 879 3547 reprehenditur
892 3471 1000 3532 unumt
1081 3479 1084 3484 ’
1132 3463 1135 3468 ’
