2524 4004
71 171 299 294 *ιιι
402 233 419 311 4
546 217 799 287 russonum

255 377 395 458 caesaris
410 375 586 452 innumeris,
601 393 663 451 quo
678 374 785 436 maluit
797 372 848 447 ille
862 367 991 446 mereri,¹

186 459 438 527 Accessit
451 458 543 519 titulis
558 459 743 534 pontificalis
757 459 867 518 honor.
942 511 982 526 ,,
1132 522 1134 526 ⁴

186 472 376 619 42⁰Ignibus
391 543 523 604 aeternis
539 544 655 604 aeterni
670 543 795 603 numina
812 545 1056 616 praesunt„

293 627 453 688 Caesaris
472 627 592 701 imperii
607 627 737 708 pignora
750 626 852 686 iuncta
866 622 965 682 vides
1039 662 1046 666 ,.

187 739 190 742 ·
253 711 290 770 Di
304 710 417 771 veteris
431 711 554 784 Troiae,
577 710 759 789 dignissima
772 708 890 786 praeda
904 703 1022 779 ferenti,
1088 752 1091 754 .

96 837 98 842 ,
297 794 361 868 Qua
375 795 479 869 gravis
500 797 625 854 Aeneas
639 800 721 859 tutus
737 793 774 852 ab
789 792 880 852 hoste
895 788 980 848 ιιιιιι

163 881 165 888 ’
186 883 238 938 liu
255 877 345 940 Ortus
361 877 399 938 ab
415 880 522 940 Aenea
534 879 631 953 tangit
644 884 774 952 cognata
789 874 982 935 sacerdos

135 987 136 990 ¹
292 961 432 1023 Numina.
462 967 638 1036 cognatum,
653 963 767 1039 Vesta,
781 966 868 1019 tuere
882 963 984 1032 caput.

255 1045 338 1119 Quos
354 1038 462 1105 sancta
480 1045 565 1105 fovet
578 1046 629 1106 ille
642 1061 749 1119 manu,
762 1043 842 1102 bene
856 1041 959 1101 vivitis
979 1040 1076 1112 ignes.
1167 1118 1170 1123 Ι

292 1129 396 1188 Viuite
410 1129 581 1204 inanimati,
602 1127 787 1204 flammaque
803 1127 946 1200 duxque,
969 1135 1090 1200 precor.
1170 1158 1174 1164 -

561 1244 797 1328 auwuonssr

253 1381 322 1442 Una
335 1387 409 1440 nota
423 1387 470 1442 est
484 1379 573 1441 Marti
586 1381 843 1441 Nonis.¹sacrata
859 1377 945 1454 quod
959 1377 1019 1460 illis
1048 1397 1050 1400 ·

187 1470 240 1525 430
293 1465 419 1542 Templa
433 1470 541 1540 putant
554 1466 642 1526 lucos
657 1464 809 1524 Vediovis
824 1470 895 1524 ante
911 1462 1000 1522 duos.

159 1613 161 1615 ,
253 1549 401 1608 Romulus
415 1556 449 1609 ut
463 1564 540 1610 saxo
556 1549 657 1608 lucum
672 1547 874 1608 circumdedit
887 1547 957 1618 aliq

293 1630 436 1706 ‘Quilibet
453 1631 526 1691 huc’
540 1632 640 1706 inquii
653 1632 807 1706 ‘coniuge
830 1636 912 1692 tutus
927 1628 1037 1695 eris?

254 1713 279 1775 0
295 1731 385 1794 quam
402 1716 441 1790 de
454 1715 538 1776 tenui
551 1716 709 1776 Romanus
725 1714 842 1789 urigine
862 1713 971 1775 crevit·

293 1798 393 1858 Turba
406 1805 495 1859 vetus
511 1813 680 1875 quam-non
694 1797 850 1860 invidiosa
864 1798 934 1857 luit!

187 1889 239 1948 4³5
253 1881 297 1942 Ne
310 1888 412 1942 tamen
426 1881 532 1980 ignaro
547 1883 669 1943 novitas
684 1882 737 1942 tibi
752 1879 883 1941 nominis
899 1880 1009 1953 obstet,

292 1966 399 2038 Disce,
416 1966 484 2040 quis
499 1965 557 2026 iste
572 1966 663 2041 deus,
680 1979 774 2026 curve
788 1969 914 2025 vocetur
928 1963 979 2030 ita.

251 2047 387 2125 Iuppiter
400 2055 448 2110 est
463 2049 592 2110 iuvenis.
622 2049 772 2111 iuvenalis
787 2048 901 2128 aspice
915 2047 1034 2111 voltus
1236 2049 1237 2140 l

291 2133 408 2210 Aspice
423 2133 551 2208 deinde,
566 2149 659 2193 manu
673 2123 798 2194 fulmine
812 2133 895 2192 nulla
912 2137 1003 2192 tenet
1076 2167 1079 2171 ι
1234 2143 1237 2208 ι

251 2213 389 2277 Fulmina
403 2222 476 2294 post
490 2232 585 2278 ausos
600 2218 719 2277 caelum
734 2216 888 2276 adfectare
903 2215 1042 2290 gigantas
1213 2211 1237 2270 l

185 2305 238 2360 teo
292 2299 420 2375 Sumpta
433 2299 509 2360 Iovi
537 2301 636 2398 primo
650 2307 790 2376 tempure
806 2299 931 2359 inermis
947 2305 1020 2358 erat.

173 2429 175 2433 .
251 2382 376 2458 ignibus
391 2382 471 2444 Ossa
485 2385 575 2444 novis
590 2391 620 2444 et
633 2383 738 2444 Pelion
757 2383 846 2444 altius
863 2382 943 2444 Ossa

292 2465 421 2526 Arsit
390 2473 421 2526 e
433 2467 464 2526 in
480 2468 579 2528 solida
593 2468 673 2528 fixus
690 2465 839 2544 Olympus
848 2467 960 2528 ιιιιιιιο
1236 2465 1237 2568 l

252 2547 318 2610 Stat
333 2566 457 2624 quoque
471 2565 566 2626 capra
581 2551 680 2612 simul.
710 2551 875 2630 nymphae
881 2549 1007 2626 pavisse
1022 2549 1161 2608 feruntur
1236 2571 1237 2606 ι

193 2673 194 2676 ,
293 2633 439 2696 Cretidcs.
468 2635 573 2696 infanti
588 2635 800 2696 lucdeditilla
814 2635 889 2696 lovi.
1236 2639 1237 2730 l

187 2723 238 2781 445
252 2717 339 2779 Nunc
354 2734 450 2779 vocor
465 2719 504 2778 ad
520 2733 641 2781 nornen.
669 2719 846 2799 vegrandia
860 2709 942 2778 farra
956 2717 1085 2778 colonae

193 2803 194 2806 ’
278 2801 378 2878 Quae
391 2803 471 2862 male
486 2809 663 2878 creverunt,
685 2818 842 2878 vescaque
856 2818 952 2879 parva
966 2805 1088 2868 vocant.

250 2872 308 2946 Vis
325 2902 362 2946 aa
377 2887 403 2946 si
417 2887 502 2946 verbi
517 2893 578 2962 est,
594 2901 648 2946 cur
661 2903 722 2948 non
737 2903 796 2962 ego
809 2886 960 2947 Vediovis
976 2885 1086 2954 aedem

289 2969 408 3028 Aedem
422 2986 484 3030 non
499 2971 600 3045 magui
615 2971 756 3046 suspicer
769 2985 842 3031 esse
855 2971 960 3032 lovisl

250 3051 391 3124 Iamque,
398 3054 457 3113 ubi
473 3055 644 3114 caeruleum
659 3053 825 3115 variabunt
833 3053 937 3116 sidera
951 3052 1078 3152 caelum,

187 3141 240 3196 450
295 3133 439 3209 Suspice
464 3137 844 3213 Gorgoneicollovidebis
861 3138 958 3213 equi.

207 3216 390 3278 Creditur
404 3221 453 3280 lue
468 3227 579 3283 caesae
594 3223 723 3298 gravida
737 3238 859 3284 cervice
872 3220 1022 3282 Medusae

292 3300 446 3376 Sanguine
460 3307 613 3380 respersis
615 3307 813 3382 prosiluisse
827 3306 917 3367 iubis.

250 3382 326 3442 Huic
342 3400 434 3458 supra
448 3387 546 3446 nubes
561 3395 591 3448 et
605 3390 709 3450 subter
724 3391 826 3451 sidera
840 3391 930 3466 lapso
1000 3443 1002 3450 ι

159 3535 160 3538 ¹
215 3536 218 3542 .
292 3464 422 3526 caelum
430 3483 488 3542 pro
503 3475 591 3546 terra,
612 3484 671 3547 pro
685 3474 767 3550 pede
780 3473 874 3550 pinna
888 3472 954 3532 luit.
