2520 4008
166 204 230 272 108
602 196 749 262 IBIDIS

185 369 239 423 450
295 354 390 418 Cuius
406 353 445 414 ab
460 351 576 415 inferiis
592 352 688 414 culter
703 348 816 410 abesse
831 349 921 412 solet

248 439 468 512 Attonitusque
482 451 588 510 seces,
603 442 638 498 ut
652 447 733 510 qnos
749 431 894 509 Cybeleia
906 437 1007 495 mater

290 522 413 592 Incitat,
431 521 471 580 ad
485 520 639 599 Phrygios
653 517 727 578 vilia
740 515 877 577 membra
890 515 1015 578 modos.

248 606 357 680 Deque
371 606 440 664 viro
455 603 514 665 lias
529 619 587 665 nec
601 603 714 663 femina
727 614 785 660 nec
800 600 861 674 vir,
876 607 911 660 ιιι
923 599 1026 680 Attys,

289 688 329 748 Et
343 688 465 764 quatias
479 688 564 748 molli
578 693 727 764 tympana
739 698 835 746 rauca
849 699 951 747 manu.

185 781 237 836 45⁵
251 771 349 846 Inque
364 785 462 848 pecus
477 771 579 832 subito
594 769 726 842 Magnae
739 772 860 828 vertare
875 766 1020 844 parentis,

288 855 398 933 Victor
410 859 444 915 ιιι
458 861 506 914 est
520 852 614 914 celeri
629 851 771 927 victaque
785 864 877 911 versa
890 850 982 926 pede.
1020 909 1023 914 ,

248 937 386 1012 Solaque
398 937 527 998 Limone
541 951 675 1013 poenam
688 948 729 994 ne
743 933 878 996 senserit
892 933 984 1010 illam,

286 1020 327 1081 Et
338 1025 392 1084 tua
405 1019 497 1082 dente
511 1020 578 1082 iero
596 1017 720 1080 viscera
734 1024 841 1094 carpat
854 1029 966 1092 equas

247 1104 309 1164 Aut
321 1109 355 1166 ut
369 1097 582 1178 Casandreus,
598 1101 724 1164 domino
739 1116 802 1162 non
816 1100 917 1163 mitior
929 1101 992 1178 illo,

184 1191 237 1250 460
294 1185 426 1250 Saucius
442 1186 563 1264 ingesta
573 1183 794 1248 contumuleris
807 1184 912 1246 hmno.

246 1269 309 1331 Aut
321 1275 356 1332 ut
367 1269 573 1344 Abantiades,
590 1276 644 1331 aut
661 1275 696 1331 ut
711 1267 985 1346 Cygneiusheros,
1050 1327 1052 1332 ,

289 1352 420 1416 Clausus
434 1353 466 1414 in
480 1369 654 1430 aequoreas
668 1351 881 1429 praecipiteris
896 1367 1005 1426 aquas.

245 1435 379 1504 Victima
396 1437 446 1496 vel
458 1434 584 1499 Phoebo
600 1449 707 1498 sacras
721 1435 864 1506 macteris
879 1434 919 1495 ad
933 1449 1014 1510 aras,

286 1519 384 1594 Quam
398 1519 466 1582 tulit
480 1537 499 1582 a
513 1533 609 1582 saevo
623 1518 803 1583 Theudotus
817 1518 909 1580 hoste
922 1532 1039 1580 necem.

181 1617 234 1674 ιιι
247 1603 310 1664 Aut
325 1609 355 1664 te
369 1603 522 1666 devoveat
537 1603 628 1664 certis
642 1601 769 1664 Abdera
787 1601 909 1675 diebus,

292 1684 439 1762 Saxaque
453 1686 601 1750 devotum
614 1685 764 1762 grandine
778 1686 869 1760 plura
883 1691 997 1761 petant.

128 1767 134 1774 ’
246 1769 310 1830 Αιιι
324 1769 408 1830 lovis
428 1769 531 1830 iniesti
545 1770 608 1831 telo
623 1769 735 1830 ieriare
748 1770 887 1843 insideo,

286 1853 327 1914 Ut
341 1858 427 1916 satus
441 1845 624 1930 Hipponoo,
639 1851 872 1928 Dosithoesqoe
886 1857 982 1928 pater.

245 1935 285 1996 Ut
299 1950 389 1998 soror
401 1937 579 2013 Autonoes,
593 1942 628 1998 ut
641 1935 690 1998 cui
704 1943 868 1998 matertera
880 1933 962 1996 llaia
975 1941 1035 1995 esta

182 2028 235 2086 470
290 2019 330 2082 Ut
343 2025 458 2080 umere
472 2025 597 2097 optatos
613 2020 667 2096 qui
680 2019 760 2081 male
773 2019 853 2080 rexit
866 2033 982 2094 equos:

246 2101 286 2164 Ut
300 2103 384 2166 serus
398 2103 564 2178 Aeolides,
579 2109 614 2166 ut
627 2101 779 2180 sanguine
792 2109 883 2166 natus
898 2101 1017 2176 eodem,

285 2185 352 2260 Quo
367 2186 469 2262 genita
483 2194 531 2249 est
544 2185 671 2263 liquidis
687 2201 768 2264 quae
783 2195 866 2249 emet
879 2186 991 2246 Arctos
1006 2182 1113 2259 aquis.

245 2267 285 2328 Ut
296 2268 426 2330 Macedo
440 2270 558 2347 rapidis
572 2269 634 2332 icta
646 2277 695 2331 est
708 2285 779 2332 cum
795 2269 926 2344 coniuge
940 2265 1082 2346 flammis,
1134 2293 1176 2317 -
1241 2347 1242 2352 ¹

287 2349 352 2424 Sic,
368 2367 494 2427 precor,
511 2352 637 2415 aetherii
654 2353 786 2414 vindicis
800 2353 872 2428 igne
886 2351 991 2412 cadas.

115 2453 116 2456 ¹
181 2431 428 2510 inermemque
443 2435 488 2496 sis
501 2435 577 2511 illis,
593 2437 707 2512 qraibas
721 2443 770 2498 est
780 2433 910 2498 Latonia
921 2435 1030 2498 Delos·

285 2516 366 2577 Ante
380 2517 462 2579 diem
476 2526 565 2596 rapto
580 2535 643 2580 non
654 2521 801 2582 adeunda
813 2517 932 2581 Thasm

245 2598 365 2674 Quique
377 2601 574 2664 verecundae
588 2604 800 2680 speculantem
813 2603 902 2664 labra
914 2601 1040 2676 Dianae,

281 2681 402 2760 Quique
417 2685 622 2762 Crotopiaden
638 2687 794 2764 diripuere
808 2687 927 2748 Linum.

242 2763 327 2826 Neve
340 2775 492 2830 venenato
508 2770 608 2831 levius
623 2771 743 2832 feriaris
758 2769 797 2831 ab
812 2785 921 2845 angue,

176 2846 229 2903 48⁰
283 2848 380 2923 Quam
397 2852 483 2913 senis
498 2850 608 2928 Oeagri
625 2853 842 2930 Calliopesque
858 2866 972 2914 nurus=

244 2930 340 3005 Quam
354 2948 432 3007 puer
445 2934 655 3014 Hypsipyles,
672 2953 765 3013 quam
779 2937 833 3012 qui
848 2950 927 2998 aava
940 2932 1057 3010 primus
1081 2938 1177 2996 acuta

284 3012 421 3090 Cuspide
434 3020 573 3094 suspecti
587 3019 703 3082 robora
715 3019 782 3080 flxit
796 3019 880 3096 equi.

241 3095 326 3156 Neve
336 3099 452 3172 gradus
468 3100 565 3164 adeas
578 3102 735 3180 Elpenore
749 3103 868 3166 cautius
884 3101 975 3177 altos,

281 3179 415 3257 Vimque
430 3184 512 3246 ieras
526 3186 606 3262 vini,
621 3201 685 3262 quo
699 3186 768 3249 ttulit
781 3186 832 3247 illc
846 3184 951 3248 modo.
1041 3183 1179 3262 [cantem

172 3269 228 3325 485
241 3261 378 3338 Talnque
392 3265 488 3329 cadas
503 3268 653 3344 domitus,
676 3285 770 3345 quam
791 3268 937 3348 quisquis
956 3265 998 3328 ad
1018 3277 1107 3328 arma
1120 3277 1179 3324 vo-

124 3423 130 3444 x
282 3345 363 3408 Iuvit
376 3347 575 3414 inhumanum
588 3350 810 3416 Thiodamanta
822 3354 967 3431 Dryops:
1099 3346 1103 3352 '

240 3428 336 3503 Quam
351 3429 435 3496 ierus
449 3431 519 3510 ipse
533 3449 592 3498 suo
605 3435 697 3512 periit
709 3443 858 3499 mactatus
873 3436 906 3496 in
920 3439 1008 3496 antro
