2454 4004
442 239 698 314 1V,62{›-dssd.
727 301 728 304 ,

80 405 132 460 aso
185 393 286 463 Ponit,
310 389 439 452 adorate
454 407 510 467 per
523 409 580 452 sus
594 391 688 454 verbu
704 395 775 458 deo.

147 477 266 537 Interea
278 475 432 550 placidam
445 475 586 537 redimita
600 492 757 552 papavere
772 478 901 538 frontem

188 559 257 620 Nox
270 559 366 630 venit,
387 565 420 618 et
434 574 538 620 secum
554 561 673 621 somnia
687 562 773 636 nigra
788 561 886 624 trahit.

147 645 271 705 Faunus
286 644 389 717 adest,
406 643 570 718 oviumque
585 659 727 718 proruens
743 645 823 720 pede
839 644 952 706 vellera
967 643 1043 706 duro

189 727 292 788 Edidit
304 741 324 787 a
339 727 447 788 dextro
462 728 534 788 talia
545 727 630 788 dicta
642 735 724 789 toro:

81 821 133 876 665
148 812 258 872 ‘Morte
272 811 366 871 boum
379 809 446 882 tibi,
469 826 539 884 rex,
558 811 659 871 Tellus
674 811 825 886 placanda
836 812 982 875 duarum:

187 895 246 954 Det
259 894 357 956 sacris
373 895 489 954 au‘itnas
505 911 566 954 una
580 901 688 956 necata
706 896 806 956 duas!

145 977 305 1037 Excutitur
319 983 436 1036 terrore
452 977 556 1050 quies:
579 978 675 1038 Nuria
690 977 758 1039 visa
771 979 912 1052 revolvit,

114 1129 117 1135 Α
186 1061 225 1119 Et
239 1075 343 1119 seeum
358 1059 503 1134 ambages
519 1077 673 1134 caecaque
688 1063 776 1122 iussa
789 1063 890 1122 refert.

146 1143 279 1219 Expedit
296 1149 445 1201 errantem
460 1143 577 1202 nemori
589 1145 765 1218 gratissime
779 1146 913 1208 coniunx

76 1237 130 1292 670
183 1227 221 1286 Et
235 1227 311 1286 dixit
325 1225 490 1285 ‘Gravidae
505 1226 645 1302 posceris
660 1234 731 1286 exta
746 1227 858 1288 bovis!

145 1311 224 1372 Exta
235 1309 326 1370 bovis
342 1309 489 1384 grauidae
505 1310 622 1370 dantur.
652 1309 769 1373 felicior
784 1327 882 1372 atauus

186 1394 343 1467 Provenit,
367 1401 396 1453 et
413 1393 542 1454 fructum
557 1399 637 1454 terra
652 1409 811 1470 pecusque
828 1394 936 1454 serunt.

145 1479 231 1538 Hane
248 1478 402 1552 quondam
416 1477 567 1554 Cytherea
580 1477 661 1536 diem
675 1478 890 1552 properantius
905 1476 949 1538 ire

168 1563 293 1642 lussit,
319 1569 348 1621 et
362 1561 516 1621 admissos
532 1561 744 1636 praecipitavit
757 1577 865 1636 equos,
961 1559 963 1562 ’

76 1653 129 1709 675
144 1641 185 1705 Ut
199 1646 314 1706 titulum
332 1645 449 1720 imperii
465 1661 532 1704 cum
548 1645 676 1720 primum
690 1646 760 1705 luce
779 1645 919 1722 sequenti

187 1731 328 1804 Augusto
343 1730 445 1791 iuveni
462 1743 613 1805 prospera
626 1729 708 1788 bella
722 1729 838 1792 darent.

318 1863 367 1924 16.
394 1863 554 1922 BNtvor
597 1859 646 1926 17.
670 1861 824 1922 CNuvor

143 1979 209 2040 Sed
224 1979 284 2040 ianr
299 1979 477 2055 praeteritas
493 1986 617 2054 quartus
632 1979 686 2040 tibi
699 1981 821 2042 Lucifer
834 1979 908 2040 Idus

187 2065 335 2138 Respicit.
363 2063 428 2124 Hac
442 2063 569 2140 Hyades
580 2062 697 2123 Dorida
711 2069 800 2123 noete
815 2067 926 2122 tenent.

189 2195 240 2259 ts.
262 2197 424 2266 DNtvor
465 2195 514 2258 19.
537 2197 952 2258 ECER·Ntvo·rn·cra

141 2313 245 2373 Tertia
258 2321 331 2389 post
344 2315 473 2392 Hyadas
493 2329 560 2375 eum
576 2315 629 2375 lux
642 2316 700 2374 erit
715 2322 780 2376 orta
793 2321 936 2390 remotas,

72 2407 126 2462 680
187 2397 317 2458 Camere
333 2398 459 2472 partitos
477 2397 582 2456 Circus
597 2397 721 2458 habebit
735 2413 844 2470 equos.

5 2477 6 2482 ’
143 2481 207 2541 Cur
221 2481 311 2556 igitur
328 2481 442 2540 missae
459 2481 568 2540 vinetis
583 2481 720 2540 ardentia
734 2481 833 2540 taedis

186 2567 286 2640 Terga
300 2565 399 2624 lerant
415 2566 538 2640 volpes,
556 2579 651 2624 causa
666 2564 808 2626 docenda
822 2561 894 2623 mibi
910 2568 965 2622 est.

141 2650 268 2724 Frigida
284 2648 452 2721 Carseolis,
476 2663 533 2707 nec
553 2648 642 2707 olivis
658 2654 730 2722 apta
744 2647 878 2709 ferendis

184 2733 293 2807 Terra,
316 2734 371 2792 sed
389 2732 428 2791 ad
444 2739 566 2807 segetes
581 2731 760 2806 ingeniosus
777 2747 859 2806 ager.

72 2824 125 2880 685
140 2817 283 2890 Hac==eg0
298 2815 458 2890 Pelignus,
481 2816 594 2876 natalia
607 2832 691 2888 rura,
715 2813 864 2890 petebam,

187 2899 303 2974 Parva,
327 2901 383 2960 sed
399 2899 533 2960 assiduis
548 2900 642 2958 uvida
657 2913 780 2974 semper
794 2899 894 2972 aquis.

142 2983 283 3059 Hospitis
300 2984 414 3058 antiqui
431 2983 537 3044 solitas
554 2981 731 3041 intravimus
747 2982 851 3041 aedes.

184 3069 367 3142 Dempserat
380 3067 514 3127 emeritis
529 3067 589 3126 iam
603 3065 675 3140 iuga
688 3063 829 3126 Phoebus
844 3065 949 3138 cquis,

141 3151 173 3210 ls
188 3150 262 3209 mibi
278 3152 371 3210 multa
387 3151 524 3226 quidem,
548 3150 606 3210 sed
621 3149 740 3208 ethaeo
755 3162 879 3207 narrare
894 3145 1022 3221 solebat,

65 3241 122 3297 690
174 3233 267 3295 Unde
281 3251 381 3294 meum
396 3249 545 3309 praesens
559 3234 758 3293 instrueretur
775 3247 868 3306 opus:

141 3313 238 3379 ‘Hoc’
253 3319 295 3380 ait
309 3319 352 3376 ‘in
368 3319 523 3392 eampo’...
540 3331 741 3391 campumque
753 3314 915 3376 ostendit...
932 3309 1076 3371 ‘babebat

176 3401 243 3462 Rus
257 3401 352 3462 breve
371 3419 438 3462 cunr
453 3402 529 3462 duro
542 3415 640 3476 parea
654 3400 766 3460 colona
781 3399 856 3458 viro.

138 3486 197 3548 lllc
214 3503 302 3546 suam
319 3485 484 3562 peragebat
500 3485 640 3558 humum,
664 3483 730 3544 sive
744 3497 820 3542 usus
836 3479 936 3553 aratri,
