2520 4008
456 261 494 334 V,
515 255 545 333 5,
566 255 682 334 42-7,
703 257 735 321 5.

120 426 156 482 15
167 413 214 476 Nil
230 412 290 473 nisi
305 423 355 470 me
370 410 471 471 solum
485 409 583 486 primo
598 415 711 470 tutatus
726 425 770 471 as.
803 418 834 470 at
847 425 930 472 nuato

204 497 255 558 llo
271 495 387 572 panton
399 509 493 554 sorva
506 493 714 568 iudiciumque
732 502 831 554 tuum=

164 582 197 642 Si
211 581 305 643 modo
321 593 383 638 non
405 578 508 654 aliqua
521 582 570 638 est
584 577 615 637 in
629 589 679 636 mo
692 593 775 638 nova
789 579 895 654 eulpa,
917 586 1061 658 tuamque

202 665 358 724 Mutarunt
372 661 475 722 subito
489 662 615 722 crimina
629 668 735 722 nostra
750 661 853 722 fldem.

166 749 300 825 Spiritus
314 746 375 824 hie7
397 744 544 822 Scythias
558 761 651 822 quem
665 761 727 806 non
741 747 822 806 bone
836 745 975 808 ducimus
990 763 1075 823 aura,

122 842 162 897 to
211 831 300 906 Quod
314 829 415 906 cupio,
437 829 581 890 membris
596 837 688 890 exeat
700 836 771 892 ante
783 831 870 905 meis,

168 916 264 990 Quam
279 921 332 975 tua
346 914 458 974 delicto
474 914 660 988 stringantur
673 922 801 990 pectora
812 922 930 991 nostro,

207 1000 245 1059 m
258 999 368 1058 videar
381 999 488 1058 merito
504 997 595 1057 vilior
607 1012 680 1057 osse
694 998 759 1057 tibi.

167 1083 234 1144 Non
249 1083 328 1143 odeo
342 1083 399 1142 toti
414 1082 485 1142 latis
498 1096 664 1156 urguemur
677 1081 800 1159 iniquis,

200 1168 248 1240 ¹Ut
261 1179 330 1226 moa
344 1167 383 1227 sit
396 1165 498 1242 longis
511 1181 599 1226 mens
613 1181 738 1244 quoque
752 1171 835 1226 mota
848 1168 946 1228 malis.

124 1261 159 1314 to
171 1249 266 1327 Finge
281 1257 381 1312 tamen
395 1257 517 1325 motam,
541 1249 683 1326 quotiens
700 1251 932 1326 Agamemnone
946 1257 1049 1314 natum

208 1336 331 1396 Dixisse
345 1334 375 1394 in
389 1334 527 1412 Pyladen
543 1335 638 1394 verba
652 1339 796 1410 proterva
809 1340 921 1410 putast

167 1419 229 1480 Neo
243 1420 352 1494 procul
365 1434 384 1478 a
396 1433 473 1480 vero
488 1425 547 1493 est,
572 1418 657 1494 quod
673 1419 721 1478 vol
737 1418 864 1493 pinsant
878 1417 1024 1480 anticum.

207 1501 320 1562 Mansit
333 1503 364 1562 in
379 1502 490 1563 oliloiis
504 1517 567 1562 non
581 1503 685 1562 minus
698 1501 749 1562 illo
765 1501 839 1564 suis.

167 1587 233 1647 Hoo
248 1593 378 1646 osteum
392 1585 513 1646 miseris
529 1587 630 1647 solum
645 1601 808 1646 commune
820 1585 929 1660 beatis,

122 1678 161 1738 ao
210 1669 371 1732 Ambobus
390 1670 481 1730 tribui
497 1671 582 1745 quod
597 1671 676 1730 solet
691 1669 885 1746 obsequium.

121 1813 136 1834 ,
168 1754 291 1814 deditur
304 1760 335 1814 et
350 1755 451 1814 oaools
466 1761 497 1814 et
512 1771 592 1829 quos
606 1759 767 1829 praetexta
780 1753 935 1814 verendos

206 1838 364 1914 virgaque
379 1853 448 1899 oum
462 1838 567 1898 nuliis
582 1837 750 1914 imperiosa
765 1838 849 1898 tacit..

167 1919 200 1981 Si
214 1921 287 1980 mihi
302 1938 364 1982 non
379 1922 492 1998 porois,
514 1923 654 1984 fortunae
668 1937 797 1998 parcere
811 1919 924 1982 dobes:

207 2003 274 2065 Non
287 2003 426 2066 haletin
440 2005 531 2068 nobis
545 2008 636 2067 ullius
650 2006 697 2066 ira
711 2007 823 2070 looum.

120 2095 157 2152 35
168 2087 255 2164 Elige
270 2096 442 2152 nostrorum
455 2091 613 2168 minimum
626 2089 844 2164 minimumque
861 2087 1008 2161 laborum,

206 2173 279 2249 Isto,
303 2173 386 2248 quod
400 2174 487 2250 reris,
509 2175 656 2250 grandius
671 2173 746 2234 illud
762 2173 827 2233 orit.

167 2255 262 2330 Quam
276 2257 371 2317 multa
383 2257 527 2320 madidae
541 2259 734 2320 oalebmntur
747 2256 896 2318 arundine
911 2256 1026 2331 fossae,

206 2339 330 2400 Florida
345 2357 436 2418 quam
450 2344 561 2404 multos
575 2343 678 2422 Hybla
690 2348 790 2404 tuetur
804 2355 890 2416 apes,

168 2424 263 2499 Quam
276 2425 390 2486 multae
403 2427 509 2501 gracili
523 2434 644 2488 terrena
660 2426 718 2486 sub
733 2422 845 2489 horrea
860 2425 939 2484 terra

120 2513 159 2568 40
208 2507 315 2568 Limite
327 2509 475 2570 tonnloae
488 2525 584 2586 grana
597 2518 719 2586 reporta
732 2511 842 2584 solent,

165 2591 238 2650 Tam
253 2608 301 2652 me
315 2593 493 2654 circumstat
508 2597 675 2658 densorum
686 2594 777 2655 nubo
790 2592 951 2652 malorum.

154 2697 165 2706 ·
207 2673 304 2736 Crede
318 2677 400 2752 mihi,
424 2694 499 2740 vero
515 2688 563 2741 ost
576 2687 682 2742 nostra
697 2675 834 2753 querella
849 2676 957 2736 ndnor.

164 2757 220 2818 His
236 2761 288 2836 qui
303 2769 464 2823 oontontus
478 2779 540 2824 non
555 2773 611 2839 est,
632 2763 664 2842 in
678 2761 751 2821 litus
765 2773 884 2833 arenas,

205 2843 240 2902 ln
252 2852 390 2920 segetem
406 2848 520 2922 spicas,
543 2849 573 2908 in
590 2859 673 2908 mata
687 2843 795 2905 tundat
809 2859 917 2918 aquas.

120 2931 156 2988 45
167 2925 405 3002 Intempestivos
418 2931 509 3006 igitur
522 2945 686 3008 compesco
699 2935 845 3001 tumores,

206 3005 284 3070 Vela
298 3027 357 3072 neo
371 3013 402 3073 in
417 3015 519 3077 medio
536 3017 647 3078 desere
661 3007 767 3076 nostra
781 3011 867 3071 mari.

101 3137 143 3232 7ο
160 3139 263 3243 Quam
278 3179 366 3256 togis,
383 3197 422 3241 ex
436 3175 488 3242 illa
501 3181 556 3242 tibi
568 3182 650 3244 venit
663 3180 794 3258 epistola
809 3188 899 3251 tama,

203 3260 297 3322 Latus
311 3263 365 3324 ubi
379 3267 543 3342 aequoreis
558 3266 681 3326 additui·
695 3265 797 3326 llisteo
811 3261 912 3340 aquis.

162 3341 196 3404 Si
211 3344 265 3406 tibi
280 3347 441 3423 contigerit
455 3363 524 3412 oum
539 3350 620 3410 duloi
633 3351 696 3410 uita
711 3351 817 3423 saluta,
884 3412 887 3417 Α

203 3427 341 3492 Candida
355 3433 496 3494 sommae
510 3447 583 3510 pars
597 3441 702 3494 manet
715 3450 775 3493 una
789 3447 887 3492 meae.

130 3509 295 3592 osollioet,
317 3521 351 3576 ut
365 3531 497 3594 sempor,
521 3517 595 3591 quid
610 3531 707 3592 agam,
731 3515 898 3582 carissime,
923 3505 1062 3582 quaetist
