2520 4012
472 185 502 262 1,
523 187 559 261 9,
580 183 720 264 50-11,
742 187 770 252 7,

204 341 306 402 Sallus
322 340 361 399 ab
374 339 433 399 hac
448 347 528 400 terra
543 341 645 399 brevis
661 349 709 400 est
722 343 875 420 Tempyra
890 341 1016 418 petenti:
1079 363 1081 368 ·

241 425 306 484 Hac
322 423 478 486 dominum
492 431 582 484 tenus
597 431 644 484 est
658 424 709 482 illa
724 433 830 487 secuta
846 443 944 486 sarum.

199 510 274 569 Nam
289 507 361 567 mihi
376 507 532 568 Bistonios
548 507 661 581 placuit
675 508 756 582 pade
771 525 898 584 carpere
914 525 1056 584 campos=

223 591 505 665 Hellespontiacas
521 591 571 650 illa
585 591 691 665 relegit
705 607 812 667 aquas,

152 687 187 738 25
200 671 448 750 Dardaniamque
463 675 545 750 petit,
562 675 695 736 auctoris
709 692 820 737 nomen
835 677 1005 751 habentem,

241 759 279 818 Et
292 765 322 818 te
336 759 478 832 rruicola,
493 760 673 833 Lampsaco,
689 766 752 820 tuta
767 763 836 834 deo,

199 844 325 917 Quaque
340 858 395 918 per
410 851 557 916 angustas
572 848 680 902 vectae
694 845 773 902 male
786 845 913 918 virginis
928 843 1027 903 aindas

238 926 349 986 Seston
364 925 518 1004 Abydena
533 933 657 1002 separat
671 927 747 986 urbe
761 929 879 1000 fretum,

197 1010 338 1084 Hincque
351 1009 564 1086 Propontiacis
577 1009 752 1072 haerentem
768 1013 900 1090 Cyzicon
917 1012 989 1084 oria,

153 1103 188 1156 bo
245 1093 387 1172 Cyzicon,
403 1092 589 1154 Haemoniae
604 1094 706 1154 nobile
720 1099 819 1170 gentis
833 1111 923 1170 opus,

200 1177 327 1254 Quaque
341 1185 444 1238 tenent
457 1175 545 1238 Ponti
559 1178 709 1255 Byzantia
723 1180 811 1240 litora
826 1181 946 1240 lauces:

239 1261 296 1320 Hic
311 1263 397 1324 locus
414 1269 462 1322 est
475 1261 587 1337 gemini
601 1263 693 1320 ianua
706 1271 794 1324 vasta
808 1265 910 1322 maris.

202 1346 295 1419 ilaec,
306 1361 431 1420 praem,
448 1346 577 1418 evincat
594 1347 805 1422 propulsaque
820 1346 943 1407 flatibus
960 1345 1053 1406 austri

175 1423 179 1428 ’
242 1429 388 1490 Transeat
402 1429 559 1490 instabiles
575 1435 700 1490 strenua
714 1431 854 1508 Cyaneas

153 1521 190 1586 aa
203 1513 463 1589 Thyoniacosque
478 1513 575 1586 sinus,
591 1520 621 1572 et
635 1513 673 1572 ab
689 1514 737 1574 his
752 1531 808 1590 per
821 1512 973 1589 Apollinis
989 1512 1094 1573 urbem

218 1596 224 1602 '
245 1597 316 1656 Alta
331 1597 389 1656 sub
404 1596 544 1656 Anchiali
558 1597 680 1658 moenia
694 1598 790 1659 findat
803 1599 868 1657 iter.

202 1679 278 1740 lnde
291 1679 531 1740 Mesembriacos
547 1686 654 1754 portus
671 1688 700 1740 et
715 1679 856 1742 Odesson
872 1687 901 1741 et
916 1695 1003 1740 arces

247 1764 421 1826 praetereat
435 1764 532 1824 dictas
548 1763 679 1836 nomine,
694 1764 824 1838 Bacche,
840 1773 902 1839 tuo,

203 1847 241 1906 Et
255 1863 334 1922 quos
349 1847 490 1908 Alcathoi
508 1854 676 1908 memorant
690 1864 709 1907 a
723 1849 882 1908 moenibus
899 1853 983 1910 ortos

152 1939 189 1992 to
245 1930 376 1990 Sedibus
392 1931 440 1990 his
456 1932 605 2006 profugos
622 1931 819 1992 constituisse
834 1933 924 1992 lares.

200 2017 228 2074 A
245 2015 354 2090 quibus
370 2015 512 2075 adueniat
525 2015 661 2074 Miletida
676 2031 787 2090 sospes
803 2015 842 2074 ad
856 2015 972 2087 urbem,

242 2097 357 2158 Offensi
372 2115 433 2174 quo
448 2114 497 2159 me
513 2099 658 2173 compulit
672 2098 717 2158 ira
731 2099 790 2158 dei.

198 2181 286 2242 Hanc
302 2183 328 2242 si
343 2183 510 2258 contigerit,
526 2184 651 2242 meritae
667 2183 755 2242 cadet
769 2197 848 2256 agna
861 2181 1032 2240 Minervae:

182 2323 184 2325 ,
243 2267 310 2328 Non
327 2267 398 2327 lacit
413 2268 452 2326 ad
467 2277 590 2329 nostras
605 2267 707 2326 hostia
720 2268 817 2327 maior
831 2280 919 2340 opes.

149 2361 187 2414 45
200 2351 267 2411 Vos
281 2367 414 2427 quoque,
423 2353 625 2429 Tyndaridae,
634 2367 712 2426 quos
724 2351 801 2410 haec
814 2351 885 2410 colit
896 2349 1004 2422 insula,
1016 2348 1134 2420 fratrae,

221 2434 317 2511 ¹illita,
331 2451 452 2510 precor,
470 2432 584 2512 duplici
598 2451 709 2495 numen
723 2434 830 2496 adeste
844 2435 928 2494 viae!

203 2519 307 2579 Altera
321 2536 454 2596 namque
469 2527 556 2594 parat
575 2519 799 2598 Symplegadas
813 2519 857 2578 ire
872 2525 1034 2594 perarma,

241 2603 389 2664 Scindere
402 2604 556 2666 Bistonias
572 2606 667 2663 altera
681 2603 796 2676 puppis
812 2618 919 2676 aquas.
939 2621 940 2624 ’

202 2689 269 2747 Vos
285 2687 384 2762 lacite,
399 2697 432 2748 ut
446 2695 565 2761 ventos,
580 2689 648 2748 loca
664 2703 732 2746 cum
747 2686 869 2745 diversa
884 2691 1033 2760 petamus

153 2781 190 2832 50
244 2771 298 2832 llla
313 2788 388 2832 suos
403 2773 523 2848 habeat,
539 2787 597 2832 nec
611 2771 710 2830 minus
726 2769 777 2828 illa
792 2784 876 2830 suos,

121 2905 192 2996 11·
203 2902 322 3001 [littera
337 2955 551 3016 quaecumque
566 2946 613 3000 est
628 2945 691 2998 toto
706 2937 759 2997 tibi
774 2938 853 2995 lecta
867 2935 978 3008 libello,

241 3025 296 3084 Est
311 3025 384 3084 milri
399 3025 548 3084 sollicitae
562 3029 701 3098 tempore
716 3022 797 3080 lacta
810 3019 889 3078 viae.

201 3109 264 3168 Aut
278 3108 357 3185 liano
372 3125 430 3182 me,
449 3107 551 3182 gelido
566 3114 726 3167 tremerem
742 3119 810 3164 oum
825 3117 931 3162 mense
945 3099 1114 3172 Decembri,

248 3191 437 3252 Scriboniam
451 3191 561 3252 mediis
576 3191 691 3250 Hadria
705 3188 780 3247 uidit
795 3189 899 3262 aquis:
961 3241 965 3246 .
1017 3205 1020 3212 ’

166 3277 267 3348 aaut,
284 3284 447 3352 postquam
460 3274 605 3334 bimarem
621 3289 712 3334 cursu
727 3271 940 3347 superavimus
955 3267 1099 3336 Isthmon,

243 3361 411 3436 Alteraque
425 3365 474 3420 est
488 3365 612 3418 nostrae
627 3363 751 3430 sumpta
766 3353 869 3414 carina
883 3354 984 3427 fugae,

202 3443 290 3528 Quod
305 3443 439 3504 lacerem
456 3457 564 3502 versus
579 3442 657 3500 inter
672 3441 737 3498 iera
751 3433 1012 3575 marmuraaassponti,
