2520 4008
459 203 498 280 V,
523 199 553 279 7,
576 204 669 282 6—8,
693 207 743 272 lt.

213 359 294 424 Esse
308 357 383 422 nihil
397 361 461 418 toto
477 358 592 418 tristius
608 358 682 419 orbe
699 366 813 434 potest=

127 453 165 511 45
177 443 251 506 Sive
265 441 416 516 homines
439 440 493 504 vix
507 449 578 506 sunt
590 441 730 502 homines
745 443 806 504 hoc
821 445 943 507 nomine
957 445 1050 530 digni,

215 527 373 602 Quamque
386 525 459 602 lupi,
482 541 597 586 saevae
608 527 679 601 plus
695 526 821 588 feritatis
837 529 960 592 habent

171 612 240 674 Non
254 615 390 670 metuunt
403 609 498 684 leges,
517 610 575 670 sed
590 610 671 670 cedit
686 609 800 671 viribus
816 628 958 691 aequum,

213 695 365 770 Victaque
378 693 513 769 pugnaci
526 693 594 754 iura
608 693 665 755 sub
681 708 756 754 ense
770 695 879 756 iacent.

171 777 304 839 Pellibus
319 783 350 838 et
362 777 442 837 laxis
457 784 562 838 arcent
576 778 656 838 mala
670 777 783 854 frigora
797 778 926 857 braccis,

8 907 9 912 ,
129 871 165 927 50
218 853 338 958 Oraque
353 868 424 923 sunt
437 859 539 936 longis
553 861 678 922 horrida
691 868 772 924 tecta
786 865 893 924 comis

172 945 206 1006 lu
223 945 330 1020 paucis
345 952 505 1006 remanent
520 947 656 1007 Graecae
669 947 801 1022 vestigia
816 949 946 1026 linguae

214 1027 297 1090 Haec
313 1044 437 1104 quoque
452 1029 513 1090 iam
528 1029 633 1090 Getico
647 1028 780 1092 barbara
794 1031 874 1092 lacta
888 1049 976 1095 sono.

171 1111 257 1174 Unus
271 1113 302 1172 in
317 1112 377 1174 hcc
390 1129 453 1172 non
468 1119 517 1175 est
529 1114 657 1190 populo,
680 1114 732 1188 qui
747 1116 824 1175 torte
837 1116 943 1178 Latine

213 1193 370 1268 Quaelibet
384 1211 402 1255 e
416 1197 517 1258 medio
533 1197 664 1258 reddere
678 1197 774 1258 verba
789 1206 890 1274 queat.

126 1285 163 1342 ta
173 1278 226 1338 Ille
242 1293 299 1354 ego
315 1279 473 1342 Romanus
488 1287 612 1342 vates...
628 1279 787 1356 ignoscite,
804 1282 947 1344 Musaet..

213 1361 380 1424 Sarmatico
397 1379 493 1440 cogor
506 1364 638 1439 plurima
652 1380 736 1424 more
750 1364 844 1440 loqui.

168 1445 215 1505 Eo
229 1447 325 1520 pudet
339 1453 369 1507 et
386 1449 491 1524 fateor,
514 1449 575 1508 iam
590 1448 793 1513 desuetudine
808 1449 900 1526 longa

210 1530 272 1590 Vix
286 1529 419 1592 subeunt
431 1531 493 1606 ipsi
508 1533 603 1592 verba
615 1532 723 1594 Latina
737 1532 819 1594 mihi.

171 1611 234 1672 Nec
249 1614 362 1690 dubito,
387 1615 460 1692 quin
474 1615 536 1676 sint
550 1623 580 1677 et
593 1615 623 1675 in
638 1615 698 1677 lroc
711 1631 774 1676 non
787 1631 897 1692 pauca
896 1616 1003 1679 libello

123 1700 161 1756 60
208 1695 353 1758 Barbara.
386 1715 448 1759 non
463 1699 595 1761 hominis
612 1702 711 1776 culpa,
733 1700 811 1760 sed
804 1701 946 1762 rstaloci.

167 1779 211 1839 Ne
224 1786 325 1842 tamen
339 1782 498 1844 Ausoniae
512 1783 641 1860 perdam
656 1785 841 1844 commercia
852 1785 983 1860 linguae,

206 1863 245 1924 Et
258 1865 312 1926 fiat
325 1865 423 1942 patrio
439 1880 503 1928 vox
516 1884 586 1930 mee
600 1873 683 1929 muta
697 1883 785 1944 sono,
856 1899 860 1905 -

166 1947 239 2023 Ipse
254 1949 367 2024 loquor
379 1966 499 2010 mecum
513 1951 703 2028 desuetaque
717 1951 812 2012 verba
826 1957 967 2026 retracto,
1051 1971 1056 1979 ·

204 2030 287 2091 tttt
258 2047 273 2092 s
274 2033 350 2093 tudii
364 2040 471 2110 repeto
487 2035 575 2110 signa
590 2037 713 2097 sinistra
727 2036 797 2094 mei

121 2119 159 2178 65
170 2111 221 2174 Sic
236 2116 370 2177 animum
383 2124 568 2196 tempusque
582 2121 679 2195 traho,
701 2134 812 2194 meque
826 2118 894 2194 ipse
908 2117 1022 2183 reduco

204 2199 233 2258 Α
250 2202 455 2277 contemplatu
470 2202 677 2280 dimoveoque
690 2202 771 2261 mali.

165 2281 354 2346 carminibus
371 2300 486 2362 quaero
501 2287 680 2350 miserarum
696 2285 808 2346 oblivia
822 2298 936 2344 rerum=

204 2365 342 2428 Praemia
355 2369 382 2430 si
397 2369 499 2432 studio
515 2387 689 2448 consequar
702 2370 775 2443 ista,
799 2375 847 2428 sat
860 2373 916 2428 est.
962 2425 970 2438 ,

102 2495 147 2592 8·
162 2494 238 2594 Non
251 2534 330 2594 adeo
347 2534 453 2610 cecidi,
477 2533 617 2610 quamvis
632 2533 778 2608 abiectus,
800 2539 832 2592 ut
846 2533 924 2592 infra

204 2618 246 2677 Te
262 2633 385 2693 quoque
399 2618 466 2694 sim,
489 2619 615 2679 inferius
632 2633 692 2693 quo
707 2616 781 2677 nihii
796 2631 868 2676 esse
883 2621 994 2691 potest.

165 2700 249 2775 Quae
262 2701 316 2761 tibi
329 2717 381 2762 res
396 2703 516 2765 animos
531 2701 625 2762 inme
641 2701 720 2772 lacit,
743 2699 903 2774 improbet
926 2711 1019 2758 curve

207 2783 335 2846 casibus
350 2787 488 2861 insultas,
513 2801 592 2862 quos
605 2791 696 2860 potes
711 2783 779 2858 ipse
795 2780 880 2857 patit

134 2865 227 2928 bNec
241 2867 323 2928 mala
335 2876 365 2930 te
379 2869 514 2933 reddunt
528 2869 631 2930 mitem
645 2865 839 2944 placidumve
854 2865 972 2926 iacenti-

203 2949 323 3028 Nostra,
345 2952 456 3028 quibus
472 2953 594 3029 possint
607 2951 798 3012 inlacrimare
813 2949 918 3009 seruet
1006 2983 1008 2988 ·
1064 2970 1066 2972 ·

154 3031 224 3093 ,Nec
239 3036 348 3097 metuis
364 3037 457 3100 dubio
473 3035 625 3098 Fortunae
639 3034 747 3097 stantis
762 3035 793 3093 in
812 3031 887 3093 orbe

201 3117 328 3194 Numen,
352 3127 383 3181 et
397 3135 514 3182 exosae
528 3119 623 3180 verba
639 3117 774 3194 superba
787 3116 886 3176 deact

159 3197 270 3276 Exiget
284 3209 317 3263 at
345 3203 454 3280 dignas
469 3204 560 3264 ultrix
574 3201 763 3265 Rhamnusia
777 3215 905 3276 poenae,

116 3287 153 3342 10
205 3283 325 3360 Inposit
327 3303 345 3347 o
313 3290 463 3348 toaleas
480 3288 564 3362 quod
578 3302 646 3346 mea
660 3287 723 3346 lata
737 3284 827 3360 pede.
934 3289 936 3294 ·

158 3367 233 3426 Vidi
247 3385 305 3444 ego
321 3371 512 3445 naufragium
527 3371 579 3444 qui
592 3368 676 3443 rasit,
698 3369 728 3427 in
743 3381 880 3442 aequore
894 3359 1046 3439 mergi,

198 3449 238 3511 Et
251 3452 447 3530 ‘Numquam’
463 3453 528 3513 dixi
542 3453 663 3514 ‘iustior
675 3451 830 3512 undat
772 3450 851 3511 luit’
