2520 4012
168 175 235 256 52'
549 186 774 250 uersurum
832 147 834 152 ⁵

207 350 210 354 '
289 343 326 402 Et
341 343 439 402 dicam
452 340 555 400 silices
572 345 679 414 pectus
693 338 807 398 habere
823 345 915 400 tuum.
970 341 973 352 '

213 435 230 487 5
244 426 316 500 Quis
331 425 445 502 gradus
461 424 592 495 ulterior,
608 429 660 482 tua
675 437 736 496 quo
753 438 788 481 se
802 424 939 497 porrigat
953 423 1008 498 ira,

290 511 417 568 Restat?
440 507 553 583 quidve
567 506 643 564 meis
659 505 759 564 cernis
775 505 886 566 abesse
901 508 1011 566 malis?

192 619 194 623 ·
250 594 387 652 Barbara
400 607 449 650 me
463 592 554 650 tellus
569 595 599 648 et
612 588 767 661 inhospita
780 588 869 648 litora
882 587 969 649 Ponti

292 677 427 750 Cumque
443 689 500 734 suo
514 673 610 732 borea
622 668 770 731 Maenalis
784 687 858 732 ursa
873 671 965 733 videt.
1026 673 1029 678 '

144 760 149 768 '
249 757 337 820 Nulla
351 757 423 816 mihi
438 759 611 828 cumgente
626 754 690 813 lere
705 755 886 815 commercia
900 755 1054 831 linguaez·
1150 775 1152 780 ·

200 855 234 908 lo
291 841 397 901 Omnia
413 837 533 899 solliciti
548 843 619 896 sunt
633 837 702 896 loca
715 838 806 910 plena
819 844 927 898 metus.

247 927 348 997 thue
364 925 457 997 lugax
472 921 569 980 avidis
586 935 695 978 ceruus
705 917 884 994 'deprensus
900 923 938 981 ab
953 923 1046 996 ursis,

206 1061 209 1064 .
290 1007 454 1079 Cinctaque
468 1003 618 1064 montanis
633 1009 667 1062 ut
682 1008 772 1076 pavet
785 1019 864 1078 agna
878 1005 968 1080 lupis

247 1089 300 1150 Sic
313 1104 372 1164 ego
387 1087 539 1162 belligeris
555 1087 728 1162 agentibus
742 1087 878 1162 undique
893 1095 1019 1164 saeptus

287 1173 424 1243 Terreor‚
439 1171 528 1234 hoste
542 1185 643 1228 meum
656 1183 755 1243 paene
770 1178 926 1243 premente
940 1174 1029 1232 latus

198 1264 230 1316 15
244 1257 347 1331 thue
362 1257 402 1314 sit
415 1255 558 1329 exiguum
573 1268 700 1326 poenae,
717 1253 802 1326 quod
817 1255 947 1329 coniuge
962 1271 1041 1330 cara,

289 1338 378 1413 Quod
392 1338 491 1413 patria
506 1352 597 1396 careo
610 1335 852 1410 pignoribusque
868 1337 961 1398 meis:
980 1371 983 1387 ·

246 1425 289 1484 Ut
303 1424 383 1482 mala
396 1422 478 1480 nulla
493 1422 587 1479 leram
601 1419 660 1478 nisi
674 1418 787 1478 nudam
802 1419 941 1482 Caesaris
955 1422 1039 1496 iram,

285 1506 374 1564 Nuda
388 1519 495 1578 parum
511 1503 601 1581 nobis
617 1501 757 1562 Caesaris
774 1502 820 1562 ira
833 1502 904 1562 mali
919 1511 988 1564 est?

245 1589 282 1649 Et
296 1597 396 1648 tamen
410 1595 458 1647 est
471 1585 592 1660 aliquis,
608 1586 660 1660 qui
674 1585 802 1645 vulnera
817 1586 912 1646 cruda
925 1593 1076 1663 retractet,

197 1681 233 1735 to
289 1671 395 1732 Solvat
410 1677 440 1730 et
453 1670 484 1728 in
498 1684 599 1730 mores
615 1681 670 1728 ora
684 1668 797 1728 diserta
810 1675 919 1730 meost
939 1735 941 1738 ,

247 1755 279 1814 In
295 1770 391 1815 causa
405 1753 486 1812 facili
500 1752 596 1812 cuivis
610 1752 682 1811 licet
695 1765 766 1812 esse
781 1751 935 1825 disertum,

286 1839 324 1898 Et
337 1835 478 1895 minimae
492 1836 574 1895 vires
588 1836 728 1908 frangere
743 1847 859 1910 quassa
872 1838 983 1897 valent.

247 1921 402 1982 Subruere
416 1925 465 1978 est
477 1934 565 1978 arces
580 1924 612 1977 et
625 1917 734 1986 stantia
747 1919 867 1978 moenia
880 1920 989 1980 virtus:

286 2003 456 2077 Quamlibet
468 2001 571 2076 ignavi
585 2000 785 2076 praecipitata
801 2011 948 2076 premunt.

194 2094 227 2148 25
241 2087 307 2147 Non
322 2101 390 2146 sum
406 2085 458 2160 qui
473 2087 599 2146 lucram.
621 2084 700 2157 Quid
713 2084 833 2144 inanem
850 2087 982 2160 proteris
997 2087 1155 2156 umbram?

152 2226 156 2234 ,
283 2169 360 2242 Quid
379 2167 510 2229 cinerem
527 2167 612 2228 saxis
628 2168 781 2243 bustaque
796 2175 902 2231 nostra
916 2172 1018 2244 petist

243 2253 357 2312 Hector
371 2258 437 2312 erat
449 2260 522 2313 tuno
536 2266 605 2310 cum
619 2251 701 2310 bello
717 2252 859 2311 certabat.
881 2259 912 2312 at
925 2253 1005 2312 idem

284 2335 411 2395 Tractus
427 2334 465 2394 ab
479 2334 648 2394 Haemonio
663 2351 726 2394 non
740 2342 806 2394 erat
818 2334 931 2397 Hector
945 2352 1036 2410 equo.

132 2432 134 2436 ’
243 2418 293 2477 ille
308 2433 441 2493 quoque,
458 2432 549 2491 quem
563 2432 656 2478 noras
671 2419 751 2491 olim,
767 2435 828 2478 non
844 2434 916 2478 esse
930 2425 1095 2479 memento:

192 2512 228 2565 30
281 2501 328 2560 Ex
342 2501 393 2561 illo
409 2508 554 2576 superant
566 2500 645 2560 haee
659 2501 823 2561 simulacra
838 2503 913 2560 viro.

246 2583 323 2657 Quid
338 2583 508 2655 simulacra,
524 2583 620 2655 ferox,
637 2584 727 2644 dictis
742 2583 873 2644 incessis
889 2585 1022 2646 amaris?

285 2665 399 2741 Parce
408 2681 648 2741 precorpmanes
664 2667 827 2728 sollicitare
841 2676 943 2728 meost

245 2750 351 2810 Omnia
365 2766 439 2810 vera
454 2756 527 2824 puta
541 2766 610 2810 mea
625 2750 757 2823 crimina,
773 2751 813 2808 nil
829 2751 911 2810 sitin
926 2751 994 2823 illie,

286 2832 374 2905 Quod
387 2833 483 2906 magis
500 2849 634 2893 errorem
648 2850 739 2909 quum
755 2834 855 2892 scelus
871 2849 942 2893 esse
957 2839 1056 2908 putes.

192 2921 227 2975 35
239 2915 403 2975 Pendimus
419 2931 456 2973 en
472 2916 625 2990 prologi...
641 2918 718 2977 satia
732 2923 784 2976 tua
798 2921 937 2991 pectora!
992 2932 1111 2991 poenas

283 2998 445 3072 Exilioque
458 3013 568 3072 graves
583 3000 728 3076 exiliique
742 3002 821 3060 loco.

244 3081 384 3140 Carnifici
399 3082 520 3142 lortuna
533 3089 638 3157 polest
651 3099 720 3144 mea
734 3083 837 3142 flenda
851 3081 964 3142 videri=

281 3164 319 3224 Et
331 3171 432 3224 tamen
447 3172 495 3226 est
508 3182 569 3226 uno
585 3167 686 3226 iudice
699 3181 802 3226 mersa
815 3173 939 3241 parum!

244 3245 372 3307 Saevior
388 3264 421 3307 es
436 3248 513 3309 tristi
524 3249 817 3321 *Busiridessaevior
831 3249 891 3323 illo,

193 3332 228 3386 lo
284 3329 339 3402 Qui
354 3332 464 3390 laisum
479 3333 559 3392 lento
577 3333 685 3393 torruit
698 3334 769 3406 igne
783 3333 903 3404 bovem,

242 3412 359 3488 Quique
377 3413 485 3476 bovem
501 3413 602 3474 Siculo
617 3417 712 3476 lertur
726 3416 862 3476 donasse
877 3424 1016 3496 tyranno,
