2524 4004
424 158 482 242 m,
506 155 560 231 14,
583 155 724 232 rra-16,
749 156 798 220 15.
1062 160 1124 226 tuo

221 315 362 386 Remque
377 315 459 373 tuam
473 323 573 385 ponas
589 309 620 372 in
634 311 760 373 meliore
774 311 859 371 loeo!

184 397 274 476 Quod
288 392 435 471 quoniam
449 391 479 455 in
497 392 544 454 dis
560 399 616 466 est„
639 400 754 472 tempta
767 395 861 456 lenire
876 395 1033 472 precando
1107 407 1108 410 ’

223 479 361 551 Numina,
384 483 534 555 perpetua
548 492 628 550 quoe
642 479 755 553 pietate
772 479 858 540 eolis.

139 579 173 637 ae
184 564 305 644 Erroris
319 576 389 622 nam
404 565 446 634 tu,
468 559 522 620 vix
536 565 585 620 est
598 560 784 636 diseernere,
806 561 902 625 nostri

226 648 277 710 Sis
292 649 502 723 argumentum
516 639 624 720 maius,
647 661 686 706 an
701 643 856 708 auxilium.

185 733 248 793 Nee
263 729 407 796 dubitans
423 743 489 810 oro.
519 727 577 790 sed
591 725 716 791 flumine
731 743 827 806 saepe
842 731 979 792 seeundo

228 818 365 892 Augetur
379 812 471 880 remis
488 827 598 878 ‚aursus
614 811 714 874 euntIs
730 828 840 890 aquae.

187 897 225 960 Et
239 898 344 975 pudet,
367 903 398 958 et
412 903 514 958 metuo
530 911 716 976 semperque
731 897 902 976 eademque
917 899 1061 976 precari„

143 991 179 1049 so
194 1042 199 1052 x
230 984 275 1043 Ne
288 981 418 1043 subeant
433 977 533 1042 animo
549 978 653 1040 taedia
666 980 746 1042 iusta
758 989 821 1046 tuo.
836 1043 854 1064 s

187 1066 302 1131 Verum
317 1064 392 1141 quid
407 1063 538 1138 laoiami
560 1075 611 1127 res
625 1063 817 1128 inmoderata
831 1066 943 1144 cupido
959 1071 1014 1127 est.

228 1151 274 1212 Da
287 1149 409 1216 veniam
423 1147 506 1223 uitio,
528 1146 608 1208 mitis
623 1149 729 1224 amice,
751 1166 830 1213 meo.

189 1233 330 1296 Scribere
345 1248 441 1310 saepe
456 1231 538 1307 aliud
554 1231 683 1310 cupiens
699 1231 827 1295 delabor
843 1233 967 1294 eodem:

196 1324 198 1329 ’
229 1319 302 1394 Ipsa
316 1317 419 1388 locum
433 1331 489 1394 per
503 1331 538 1378 se
551 1313 652 1377 littera
663 1323 770 1378 nostra
783 1325 881 1393 rogat.

143 1411 179 1466 35
191 1401 252 1464 Seu
266 1408 368 1464 tamen
384 1399 515 1462 effeetus
528 1397 669 1464 habitura
682 1407 731 1462 est
744 1401 851 1478 gratia,
872 1415 928 1463 seu
943 1415 991 1460 me

231 1485 313 1548 Dura
327 1484 411 1548 iubet
425 1484 527 1561 gelido
542 1481 639 1549 Perea
653 1484 711 1546 sub
726 1501 784 1546 axe
800 1486 892 1546 mori:
919 1497 925 1506 ·

190 1569 319 1646 Semper
332 1569 460 1632 inoblita
472 1573 611 1644 repetam
624 1575 820 1652 tuagmunera
833 1575 943 1644 mento,

230 1653 269 1712 Et
282 1669 351 1714 mea
363 1669 411 1722 me
425 1654 515 1716 tellus
530 1651 636 1716 audiet
649 1667 721 1716 esse
735 1661 829 1718 tuum.

189 1737 304 1798 Audiet
317 1743 348 1798 et
361 1739 447 1798 eaelo
464 1737 566 1816 posita
580 1743 628 1798 est
643 1753 853 1816 quaecumque
867 1735 925 1810 sub
940 1735 1001 1810 illo,

145 1826 182 1881 to
234 1819 353 1883 Transit
367 1829 472 1886 nostra
486 1822 570 1884 leros
585 1822 612 1884 si
628 1821 721 1884 modo
736 1821 825 1886 Musa
841 1821 950 1884 Getas:

190 1903 295 1979 Teque
308 1921 395 1968 meae
411 1921 538 1976 causam
552 1912 803 1986 servatoremque
819 1905 937 1977 salutis,

233 1987 348 2066 Meque
363 1998 448 2052 tuum
462 1990 539 2082 libra
552 1989 633 2052 norit
647 1997 677 2052 et
692 2006 764 2052 aere
778 1992 888 2054 minus.

112 2174 182 2270 ti.
238 2207 299 2271 Au
322 2207 535 2270 mvmun.

193 2289 314 2402 lnvide,
337 2323 413 2401 quiri
428 2325 547 2388 laceras
560 2325 693 2388 Nasonis
708 2325 844 2386 earmina
857 2323 957 2400 raptio

236 2411 304 2473 Non
319 2409 544 2485 soletingeniis
559 2425 679 2485 summa
692 2423 806 2472 nouere
821 2407 897 2482 dies,

192 2493 347 2571 Famaque
363 2500 436 2570 post
449 2495 568 2558 eineres
583 2494 681 2558 maior
693 2492 786 2556 venit.
818 2491 934 2553 etmihi
948 2506 1059 2553 nomen

234 2577 319 2640 Tune
335 2593 468 2654 quoque,
489 2594 559 2641 oum
572 2579 655 2641 vivis
668 2577 894 2648 adnumerarer,
916 2582 989 2638 erat.
1014 2621 1017 2626 a

161 2669 178 2723 5
193 2661 266 2723 (lum
281 2663 359 2724 leret
373 2669 404 2724 et
417 2659 541 2738 Marsus
556 2664 720 2742 magnique
735 2660 878 2726 Rabirius
894 2659 957 2722 oris

94 2765 98 2774 “
235 2745 409 2823 Iliacamque
422 2745 527 2808 Macer
541 2747 745 2822 sidereusque
758 2745 857 2806 Pedo:
891 2807 895 2814 ,
972 2793 976 2796 .

193 2827 239 2904 El,
263 2831 315 2906 qm
329 2829 477 2902 Iunonem
491 2830 635 2902 laesisset
648 2831 683 2892 in
693 2828 834 2902 Hercule,
854 2827 959 2904 Came,

235 2913 361 2976 lunonis
376 2915 404 2975 si
422 2929 485 2976 non
499 2915 560 2976 iam
574 2929 669 2990 gener
683 2913 734 2973 ille
749 2913 841 2974 ieret:

195 2994 315 3073 Quique
330 2997 417 3067 dedit
427 2999 517 3072 Latio
531 3014 655 3060 earmen
668 2999 773 3072 regale
788 2993 932 3070 Severus,

150 3090 185 3144 to
235 3079 273 3140 Et
287 3096 358 3151 eum
372 3081 476 3146 subtili
489 3081 613 3144 Priseus
627 3088 758 3156 uterque
772 3077 883 3142 Numa:

194 3161 314 3238 Quique
327 3164 377 3234 vel
392 3165 561 3240 imparibus
575 3165 719 3240 numeris,
738 3163 893 3236 Montane,
916 3161 967 3222 vel
980 3161 1086 3237 aequis

235 3245 370 3322 Sultloia
392 3249 559 3324 etgemino
575 3248 710 3313 earminav
723 3263 835 3308 nomen
848 3245 961 3308 habes=

182 3327 231 3392 m
246 3331 488 3410 quiPenelopae
502 3334 675 3396 rescribere
689 3332 780 3396 iussit
793 3331 913 3406 Ulixen,
995 3379 997 3382 .

234 3411 394 3478 Errantem
408 3432 504 3477 saevo
519 3433 576 3493 per
590 3417 653 3480 duo
668 3417 766 3479 lustra
779 3415 865 3488 mari,

145 3505 181 3560 15
195 3495 317 3574 Quique
331 3515 420 3562 suam
433 3499 569 3564 Troezen
585 3499 859 3580 imperfectumque
874 3497 992 3560 diemm
