2520 4012
19 204 22 212 '
129 211 171 277 re
263 271 265 279 ,
495 189 747 274 vrnrsrrum

208 365 271 425 Nee
285 364 389 439 breve,
405 372 462 422 nec
476 369 657 438 tutumque
672 365 732 424 sint
745 378 822 436 inea,
835 363 950 436 dicere,
966 379 1042 424 casu

249 449 378 508 Lumina
392 446 503 509 funesti
518 447 644 508 conseia
658 446 844 506 laetamalia

209 531 360 606 lllensque
374 531 560 604 reformidat,
577 529 742 590 velutisua
754 531 890 604 vulnera,
905 535 1026 605 tempus
1048 548 1058 596 ἡ

161 625 197 682 so
251 616 337 690 lllud,
352 621 382 675 et
396 615 553 675 admonitu
567 615 714 674 renovas
729 614 799 688 ipse
815 614 918 674 dolor:

134 703 136 708 ’
212 699 251 758 nt
261 713 477 775 ,quaecumque
491 699 569 758 adea
585 704 717 772 possunt
730 697 842 758 efferre
855 697 1014 771 pudorem,
1062 692 1064 697 ’

253 785 308 843 llla
322 783 382 857 tegi
397 797 490 842 caeca
504 780 626 841 condita
639 787 730 841 nocte
745 781 843 841 decet.

212 865 259 926 Nil
273 867 362 941 igitur
376 866 515 938 referam,
531 863 590 924 nisi
605 879 653 923 me
668 879 827 939 peccasse,
843 864 900 924 sed
914 864 966 925 illa

253 949 391 1010 Praemia
406 954 532 1022 peceato
548 949 630 1008 nulla
645 948 740 1022 petita
755 947 839 1022 mihil

162 1037 196 1094 35
211 1030 432 1107 stultitiamque
449 1047 549 1092 meum
566 1032 680 1090 crimen
695 1030 807 1092 debere
823 1032 935 1106 vocari,

250 1115 379 1176 Nomina
394 1115 420 1176 si
436 1116 515 1176 laeto
531 1114 662 1175 reddere
675 1129 750 1174 vera
764 1115 852 1176 velis.

211 1199 294 1274 Quae
309 1201 335 1260 si
349 1215 410 1260 non
426 1199 467 1260 ita
482 1206 560 1274 sunt,
574 1198 676 1272 alium,
699 1216 760 1274 quo
775 1199 897 1275 longius
912 1199 1020 1274 absim,

249 1284 375 1359 Quaere,
391 1282 568 1344 suburbana
582 1288 629 1343 est
642 1281 692 1342 hie
706 1283 784 1343 mihi
792 1289 874 1343 terra
887 1285 984 1346 lacus.

150 1414 190 1508 7ο
208 1411 302 1512 Vada
314 1454 485 1526 salutatum,
502 1453 604 1514 subite
620 1461 768 1528 perarata,
783 1452 930 1526 Perillam,
1026 1479 1028 1482 ·

243 1535 364 1608 Littera,
380 1537 531 1598 sermonis
546 1538 609 1598 lida
622 1537 761 1599 ministra
773 1537 849 1596 mei!
1070 1585 1081 1600 .

205 1618 268 1679 Aut
282 1618 363 1696 illam
377 1620 514 1680 invenies
530 1621 612 1680 dulei
627 1636 696 1680 cum
711 1625 806 1680 matre
821 1620 987 1691 sedentem,
1099 1687 1101 1692 ,

251 1703 313 1764 Aut
326 1703 404 1764 inter
419 1703 513 1764 libros
527 1703 727 1778 Pieridasque
741 1719 825 1764 suas.
1044 1699 1047 1702 ’

176 1795 192 1846 a
208 1785 359 1860 Quicquid
374 1793 452 1862 aget,
468 1803 537 1848 curn
552 1794 581 1848 te
596 1788 700 1848 scierit
713 1787 847 1861 venisse,
862 1786 1021 1860 relinquet,

253 1869 315 1929 Nec
330 1886 425 1944 mora,
442 1871 515 1946 quid
528 1871 634 1931 venias
649 1871 770 1947 quidve,
785 1871 928 1946 requiret,
942 1884 1038 1944 agam.

212 1952 326 2012 Vivere
339 1969 388 2013 me
403 1955 497 2028 dieeS,
514 1956 570 2014 sed
585 1955 638 2027 sie,
656 1961 689 2014 ut
701 1954 806 2016 vivere
820 1953 921 2026 nolim,

252 2035 314 2096 Nee
330 2038 409 2097 mala
422 2045 482 2098 tam
496 2040 588 2113 longa
602 2045 708 2099 nostra
721 2038 822 2098 levata
833 2053 934 2098 murac

211 2117 249 2179 Et
262 2125 361 2180 tamen
377 2121 417 2182 ad
430 2122 546 2196 Musas,
563 2121 703 2198 quamvis
718 2136 860 2195 nocuere,
875 2119 996 2192 reverti,

162 2208 196 2262 10
247 2203 389 2280 Aptaque
406 2207 437 2265 in
452 2207 585 2268 alternos
601 2221 713 2280 eogere
726 2205 821 2266 uerba
832 2201 943 2280 pedes.

207 2287 252 2345 Tu
267 2303 400 2362 queque,
416 2289 474 2363 die,
489 2289 598 2349 studiis
614 2289 825 2350 communibus
842 2289 954 2363 ecquid
968 2287 1118 2358 inhaeres,

249 2371 409 2446 Doctaque
422 2387 483 2431 non
499 2372 598 2448 patrio
613 2373 748 2449 earmina
762 2387 847 2433 more
862 2372 973 2431 canist-

207 2451 282 2512 Nam
296 2454 350 2513 tibi
362 2469 431 2514 cum
446 2454 515 2516 latis
530 2472 632 2516 mores
648 2464 756 2517 natura
770 2456 901 2531 pudicos

248 2535 285 2596 Et
298 2552 384 2598 raras
400 2538 487 2599 dotes
505 2539 721 2616 ingeniumque
737 2540 829 2600 dedit.

158 2625 193 2678 115
208 2619 347 2694 Hocego
362 2620 529 2696 Pegasidas
544 2621 658 2684 deduxi
672 2624 788 2699 primus
804 2624 843 2683 ad
857 2622 967 2697 undas,

152 2731 195 2746 -
248 2703 293 2764 Ne
306 2707 385 2765 male
400 2707 551 2768 fecundae
565 2723 644 2766 vena
659 2707 773 2783 periret
787 2722 896 2784 aquae.

206 2785 324 2848 Primus
339 2788 370 2848 id
385 2791 493 2865 aspexi
507 2790 620 2850 teneris
635 2790 665 2850 in
682 2790 807 2866 virginis
823 2790 921 2862 annis,

246 2869 348 2946 thue
363 2877 450 2946 pater
463 2879 554 2932 natae
569 2874 696 2949 duxque
711 2883 879 2948 comesque
894 2873 964 2933 rui„

206 2953 287 3027 ergo
302 2953 329 3012 si
343 2961 501 3016 remanent
514 2957 601 3032 ignes
616 2956 669 3016 dui
684 2957 819 3033 pecteris
834 2957 924 3028 idem,

158 3044 194 3097 no
245 3035 317 3096 Sola
333 3042 415 3097 tuum
429 3046 516 3100 vates
530 3039 643 3100 Lesbia
657 3041 758 3102 vincet
773 3057 863 3116 opus.

208 3117 270 3180 Sed
284 3135 403 3195 vereor,
419 3138 458 3182 ne
473 3131 503 3183 te
518 3137 586 3184 mea
601 3140 682 3184 nnnc
697 3127 819 3185 lortunu
832 3123 975 3198 retardet,

245 3203 382 3280 Postque
397 3221 483 3266 meos
499 3223 590 3268 casus
605 3208 645 3268 sit
659 3209 711 3268 tibi
729 3215 836 3284 pectus
852 3207 946 3268 iners.

205 3284 285 3346 Dum
297 3287 390 3361 licuit,
405 3295 457 3349 tua
472 3305 567 3366 saepe
581 3291 661 3364 milri,
678 3293 731 3352 tibi
745 3297 852 3352 nestra
866 3289 1021 3366 legebam
1056 3335 1057 3339 ,

249 3367 351 3444 Saepe
365 3373 407 3431 tui
422 3373 524 3446 iudex,
540 3390 636 3449 saepe
651 3375 796 3450 magister
810 3390 909 3435 eram:

158 3460 192 3514 nt
207 3451 269 3512 Aul
283 3467 341 3528 ego
357 3455 540 3530 praebebam
556 3458 643 3518 lactis
659 3457 751 3520 modo
766 3458 909 3518 versibus
925 3471 1027 3530 aures,
