2524 4004
166 269 230 358 aas
430 269 431 272 ¹
548 261 804 329 rnsrartuu
897 237 899 239 ’
1108 237 1120 250 ’

189 429 239 487 175
254 419 341 480 Luna
354 433 469 482 novum
484 415 588 479 decies
603 416 742 492 implerat
757 413 1043 476 comibusorbcms
1104 486 1107 494 ¹
1240 429 1241 496 3

295 502 379 576 Quae
393 503 492 562 luerat
504 500 591 575 virge
608 497 738 571 credita,
756 504 851 560 muter
865 505 939 560 erat.
1240 497 1241 570 3

252 587 352 648 Laesa
367 586 437 646 iuuit
450 587 542 660 luno,
558 585 685 646 larmam
700 582 1006 658 mutatquepuellae.
1106 617 1110 620 -
1240 579 1241 584 ’

295 670 374 745 Quid
388 670 487 730 facist
514 668 608 730 inrito
624 673 670 726 est
684 673 810 742 pectore
825 683 921 743 passa
934 667 1048 728 Iovem

252 755 353 830 thue
367 753 450 813 ferae
465 753 541 812 vidit
554 757 659 827 turpes
674 751 705 810 in
719 750 818 826 pelles
834 752 944 826 voltus,

191 843 242 898 180
298 839 407 898 ‘Huius
425 837 456 899 in
470 836 630 911 amplexus
645 835 793 910 Iuppiter’
810 835 908 910 inquit
922 837 1006 894 ‘eat'

252 922 334 984 Ursa
348 937 404 997 per
417 921 548 982 incultas
563 918 683 980 errabat
698 919 841 998 squalida
854 924 987 994 montes

296 1006 379 1080 Quae
395 1006 492 1064 iuerat
509 1018 626 1064 summo
642 1017 744 1078 nuper
758 1010 858 1062 amata
872 1003 950 1062 Iovi.

254 1090 318 1149 Iam
332 1089 389 1149 tria
404 1089 499 1149 lustra
515 1103 592 1164 puer
606 1087 685 1147 lanto
703 1094 871 1162 conceptus
887 1085 1006 1161 agebat,

299 1173 370 1234 Cum
387 1178 566 1232 maternatc
583 1179 630 1231 est
646 1170 738 1230 obvia
753 1172 915 1231 lactasuc.
1017 1225 1021 1228 .
1240 1207 1241 1250 3

195 1269 245 1324 185
260 1259 316 1318 Illa
331 1257 466 1333 quidem,
482 1262 639 1332 tamquam
654 1261 871 1328 cognosceret,
888 1251 1002 1318 adstitit
1016 1265 1131 1332 amens,
1240 1259 1241 1290 ³

261 1361 263 1364 ·
295 1341 333 1400 Et
346 1341 469 1416 gemuit.
500 1341 631 1415 gemitus
646 1339 741 1397 verba
757 1339 892 1414 parentis
908 1341 1004 1397 erant.
1240 1337 1241 1340 ’

255 1425 341 1486 Hanc
357 1439 433 1500 puer
447 1424 571 1498 ignarus
585 1423 685 1482 iaculo
704 1422 824 1483 fixisset
838 1429 938 1494 acute,

297 1509 333 1568 Ni
349 1511 428 1568 leret
442 1509 471 1567 in
487 1521 618 1582 superas
631 1514 738 1582 raptus
752 1513 881 1581 uterque
896 1505 1017 1566 domos,
1240 1551 1241 1560 ,

258 1591 352 1668 Signa
361 1586 1189 1668 propinquamicant.PricrestquamdicimusArcton.
1240 1587 1241 1652 j

194 1683 245 1738 190
299 1675 515 1753 Arctophylax
532 1677 661 1738 formam
672 1682 758 1750 terga
773 1674 931 1749 sequentis
946 1671 1048 1732 habet.

258 1759 361 1820 Saevit
376 1759 492 1834 adhuc,
508 1775 679 1834 canamque
694 1765 783 1834 rogat
797 1757 940 1820 Saturnia
953 1754 1085 1833 Tethyn,

299 1839 480 1904 Maenaliam
492 1844 581 1927 tactis
595 1859 634 1904 ne
648 1845 730 1904 lavet
743 1844 859 1904 Arcton
874 1843 976 1918 aquis.

550 1975 601 2040 13.
629 1977 819 2038 auin-il>

256 2091 362 2152 Idibus
379 2093 509 2167 agrestis
526 2093 641 2163 sumant
660 2091 767 2152 altaria
781 2091 886 2172 Fauni,
930 2163 931 2166 ,

299 2176 356 2236 Hic
372 2176 422 2235 ubi
438 2177 589 2237 discretas
603 2176 703 2236 insula
717 2175 831 2250 rumpit
845 2189 952 2250 aquas.

198 2271 245 2328 195
260 2259 344 2320 Haec
359 2260 479 2324 luitilla
497 2261 580 2334 dies,
596 2261 626 2319 in
642 2275 703 2335 qua
717 2259 899 2319 Veientibus
916 2259 1000 2320 arvis
1084 2272 1088 2274 ·

298 2345 356 2402 Ter
370 2350 491 2404 centum
503 2344 590 2404 Fabii
603 2349 650 2403 ter
665 2343 805 2403 cecidere
819 2344 892 2402 duo.
1011 2389 1021 2412 ‚5
1240 2387 1241 2422 ζ

258 2427 326 2488 Una
340 2427 450 2487 domus
465 2429 548 2488 vires
563 2434 593 2486 et
608 2443 685 2487 onus
700 2431 881 2501 susceperat
895 2425 996 2486 urbisz
1135 2490 1136 2493 ,

300 2509 428 2576 Sumunt
442 2511 570 2585 gentiles
587 2528 670 2570 arma
683 2511 829 2586 professa
843 2525 967 2570 manus:

260 2595 421 2670 Egreditur
435 2595 546 2656 castris
559 2595 646 2655 miles
661 2611 832 2670 generosus
847 2594 885 2653 ab
898 2595 1005 2666 isdem,

88 2695 93 2709 ¹
195 2689 247 2741 200
302 2679 327 2738 E
343 2679 412 2754 quis
428 2679 492 2739 dux
506 2680 572 2740 lieri
588 2679 715 2763 quilibet
729 2685 819 2754 aptus
835 2685 908 2738 erat.

261 2763 429 2824 Carmentis
444 2771 551 2838 portae
566 2764 674 2823 dextra
688 2769 736 2824 est
750 2763 802 2824 via
816 2763 955 2839 proxima
970 2761 1059 2822 iano:
1240 2827 1241 2830 ,

196 2858 248 2910 202
300 2849 350 2907 Ire
365 2847 513 2922 perhanc
528 2847 765 2923 noli,quisquis
781 2862 826 2908 es.
856 2861 945 2906 omen
960 2846 1061 2906 habet.
1149 2846 1150 2849 ’
1240 2883 1241 2910 ;

195 2941 247 2994 205
261 2931 301 2993 Ut
315 2931 405 2989 celeri
421 2947 518 3006 passu
534 2932 704 2992 Cremeram
719 2931 844 3006 tetigere
858 2945 1044 3006 rapacem...

299 3013 449 3074 Turbidus
467 3015 602 3075 hibernis
618 3016 670 3076 ille
686 3014 802 3076 fluebat
816 3015 936 3088 aquis...

260 3096 366 3158 Castra
380 3098 450 3158 loco
465 3108 592 3174 ponunt.
623 3098 775 3160 destrictis
791 3098 917 3158 ensibus
932 3095 1002 3172 ipsi*

300 3181 489 3258 Tyrrhenum
504 3183 606 3244 valido
622 3189 717 3242 marte
731 3199 787 3258 per
800 3197 908 3258 agmen
926 3188 1009 3241 eunt.

259 3265 326 3324 Non
339 3263 438 3338 aliter,
455 3283 545 3340 quam
562 3282 631 3327 cum
645 3267 762 3343 Libyca
776 3267 815 3326 de
829 3281 907 3342 rupe
922 3266 1030 3325 leones

191 3359 248 3410 ala
301 3348 454 3408 Invadunt
467 3366 598 3424 sparsos
613 3351 675 3409 lata
688 3366 746 3425 per
760 3365 972 3493 arvaffreges.

260 3429 428 3505 Diffugiunt
441 3433 562 3503 hostes,
580 3433 803 3508 inhonestaque
819 3450 838 3490 v
861 3435 949 3501 luera
963 3439 1049 3507 tergo

283 3514 475 3607 accipiunt:
501 3515 603 3576 Tuscu
616 3517 765 3592 sanguine
779 3523 861 3577 terra
876 3515 977 3576 rubet.
