2520 4008
147 225 188 290 76
537 220 764 282 TRISTIUM

180 385 215 438 10
270 376 406 450 Sumque
419 373 588 449 argumenti
603 372 744 432 eonditor
756 371 824 446 ipse
839 371 908 434 mei.

229 461 330 535 thue
344 460 448 518 iacens
462 458 530 532 ripa
545 454 661 516 deflere
676 455 832 531 Caystrius
847 455 912 516 ales

270 543 386 603 Dicitur
401 557 455 602 ore
470 556 557 601 suam
571 539 732 600 deficiente
746 553 862 611 necem,

231 625 281 687 Sic
296 642 370 701 ego,
388 624 572 684 Sarmaticas
586 622 678 696 longe
691 622 847 697 proiectus
861 622 892 682 in
908 637 990 699 oras,

233 705 236 712 '
270 709 394 783 Esfioio,
408 709 531 768 tacitum
547 722 587 766 ne
602 704 673 764 mihi
689 704 779 766 sunus
794 713 852 766 eat.

179 801 211 853 15
224 794 358 854 Delicias
374 792 471 866 siquis
485 789 664 863 lascivaque
678 788 812 848 cannina
827 791 954 864 quaerit,

269 877 474 944 Praemoneo,
509 887 677 945 numquam
701 872 816 946 scripta
834 873 977 935 modesta
995 877 1087 950 legat.

227 960 337 1035 Aptior
349 957 420 1016 huie
440 956 544 1016 Gallus
563 955 729 1029 blandique
741 955 917 1030 Propertius
935 957 1007 1032 oris,

268 1041 306 1102 Et
318 1043 438 1118 plures,
453 1055 583 1116 quorum
597 1039 721 1099 nomina
734 1054 845 1114 magna
857 1039 970 1114 vigent.

227 1125 329 1200 Atque
343 1124 456 1184 utinam
471 1139 596 1184 numero
611 1138 650 1182 ne
667 1138 724 1184 nos
742 1137 883 1183 essemus
900 1123 932 1182 in
945 1123 1020 1184 isto!

178 1216 213 1270 ab
267 1209 303 1270 Ei
318 1207 406 1282 mihi,
426 1223 480 1268 cur
493 1223 637 1283 umquam
650 1206 740 1267 Musa
754 1207 854 1268 iocata
868 1221 937 1266 mea
950 1213 1019 1278 est?

229 1291 291 1352 Sed
311 1291 450 1352 dedimus
466 1305 601 1366 poenas,
616 1289 813 1366 Scythicique
828 1289 986 1352 infinibus
1001 1289 1095 1353 Histri

269 1377 324 1436 Ille
338 1375 604 1452 pharetratilusor
616 1375 739 1435 Amoris
758 1373 855 1434 abest.

228 1459 317 1532 Quod
331 1464 488 1534 superest,
508 1458 626 1518 animos
642 1457 682 1518 ad
696 1456 821 1533 publica
834 1457 968 1517 earmina
981 1455 1062 1532 flexi,

268 1543 306 1602 Et
318 1556 470 1604 memores
485 1541 561 1602 iussi
576 1541 706 1603 nominis
721 1556 792 1602 esse
806 1541 876 1600 mei.

177 1634 212 1688 25
227 1623 259 1685 Si
274 1633 374 1686 tamen
390 1624 511 1685 evobis
528 1627 653 1700 aliquis,
669 1631 730 1686 tarn
747 1625 857 1699 multa,
870 1625 1015 1701 requirat,

267 1709 356 1770 Unde
370 1709 504 1768 dolenda
519 1715 648 1770 canamt
677 1708 771 1769 multa
785 1708 919 1769 dolenda
931 1709 994 1769 tuli.

226 1791 293 1852 Non
308 1791 387 1852 haee
405 1791 541 1867 ingenio,
559 1809 620 1854 non
635 1791 712 1851 haec
727 1791 939 1867 componimus
954 1797 1033 1852 artes

269 1873 396 1935 Materia
411 1881 458 1934 est
471 1876 605 1950 propriis
618 1875 785 1950 ingeniosa·
794 1876 891 1936 malis.

225 1953 263 2018 m
281 1964 373 2031 quota
387 1959 524 2019 fortunae
539 1975 612 2034 pars
627 1965 675 2020 est
693 1959 725 2018 in
740 1959 872 2020 carmine
882 1964 1027 2020 nostrae?

175 2047 210 2100 30
266 2041 366 2114 Felix,
386 2042 439 2115 qui
456 2041 569 2116 patitur
584 2058 663 2118 quae
678 2057 838 2102 numerare
852 2047 969 2118 potest!

228 2125 306 2198 Quot
321 2125 445 2186 iudces
461 2125 570 2198 silvae,
588 2135 663 2202 quot
677 2125 776 2186 flavas
790 2125 922 2202 Thybris
937 2141 1072 2202 arenas,·

267 2208 372 2269 Mollia
387 2215 462 2282 quot
475 2207 580 2269 Martis
595 2209 733 2284 gramina
747 2224 874 2284 campus
889 2207 988 2282 habet,

226 2293 282 2352 Tot
294 2292 374 2350 mala
388 2291 575 2366 pertulimus.
609 2308 738 2366 quorum
752 2293 903 2354 medicina
918 2291 1070 2367 quiesque,

266 2373 354 2434 Nulla
368 2375 426 2434 nisi
441 2374 471 2432 in
488 2371 588 2436 stbdio
603 2375 817 2451 Pieridumque
830 2391 916 2437 mora
929 2383 985 2437 est.

174 2461 208 2518 ³5
224 2456 309 2530 ‘Quis
323 2457 392 2534 tibi,
406 2457 504 2530 Naso,
519 2459 629 2518 modus
644 2457 798 2520 lacrimosi
813 2459 986 2518 carminist’
1001 2459 1120 2533 inquiet

266 2540 365 2613 idem,
385 2541 523 2602 fortunae
539 2542 591 2615 qui
605 2543 715 2603 modus
731 2543 821 2604 huius
836 2543 901 2602 erit
1011 2536 1018 2549 '

225 2624 313 2697 Quod
329 2640 454 2700 querar,
471 2625 523 2686 illa
537 2625 609 2684 milri
628 2626 720 2700 pleno
735 2627 774 2686 de
789 2627 872 2686 sonte
886 2625 1043 2698 ministrat,

265 2707 328 2768 Neo
342 2723 411 2768 mee
425 2715 511 2784 sunt,
528 2708 580 2767 fati
598 2709 691 2768 verba
708 2710 765 2769 sed
780 2703 840 2769 ista
853 2711 923 2770 mei.

222 2792 263 2852 At
276 2791 349 2852 mihi
364 2793 390 2852 si
406 2807 476 2852 cara
490 2794 619 2867 patriam
634 2808 703 2854 eum
718 2793 848 2868 coniuge
861 2793 983 2866 reddas,

172 2879 207 2933 40
263 2873 330 2934 Sint
343 2875 445 2934 vultus
460 2875 589 2947 hilares,
606 2877 726 2952 simque
742 2877 825 2950 quod
840 2867 910 2936 ante
927 2875 979 2936 lui.

221 2957 333 3016 Lenior
347 2957 451 3017 invicti
466 2957 493 3016 si
508 2958 548 3017 sit
563 2958 636 3018 milri
650 2959 791 3020 caesaris
806 2959 861 3034 ira,

263 3038 403 3100 Carmina
420 3040 550 3102 laetitiae
564 3041 624 3100 iam
639 3042 692 3102 tibi
706 3043 799 3117 plena
812 3041 906 3102 dabo.
957 3091 959 3102 .

221 3121 283 3182 Nec
297 3128 398 3182 tamen
412 3130 444 3184 ut
460 3124 545 3198 lusit,
560 3140 669 3187 rursus
683 3141 752 3185 mea
765 3125 864 3186 littera
877 3125 975 3186 ludet=

264 3203 309 3264 Sit
323 3207 418 3266 semel
433 3207 484 3268 illa
498 3223 567 3268 meo
581 3209 731 3270 luxuriata
745 3210 843 3268 malo!

170 3292 206 3346 45Ὶ
218 3285 307 3360 Quod
322 3289 432 3363 probet
444 3290 528 3366 ipse,
546 3306 662 3351 canam.
700 3307 820 3367 poenae
836 3293 929 3354 modo
944 3291 1149 3368 partelevata

259 3369 436 3432 Barbarion
448 3373 565 3448 rigidos
580 3373 785 3450 effugiamque
803 3376 906 3436 Getas.

160 3466 164 3474 ·
219 3453 338 3514 interea
351 3455 448 3516 nostrl
463 3454 537 3530 quid
555 3463 660 3532 agant,
676 3457 735 3518 nisi
751 3458 851 3536 triste,
866 3457 981 3520 libellit
