2524 4004
505 191 534 265 t,
557 188 735 257 trs-550.
847 162 849 168 ’

192 345 266 406 Ε555
279 343 371 404 bonis
387 343 496 404 avibus
511 343 570 403 visi
584 351 720 417 natoque
736 343 881 421 mihique,
974 379 976 384 .

235 427 379 502 Ripaque
394 425 473 486 151151
488 433 569 487 tacta
583 427 622 486 sit
635 427 696 486 ista·
708 427 802 500 pede!

124 521 178 575 515
191 512 309 584 Fallor,
331 526 371 569 au
382 507 417 567 hi
432 509 506 568 fient
519 509 652 584 ingentia
666 510 789 588 moenia
803 511 908 584 551155,
991 513 994 522 ’

237 597 370 668 luraque
385 591 423 652 ab
443 591 502 650 hao
515 599 598 652 terra
613 597 715 652 catera
728 597 810 650 terra
823 600 927 668 patet?

194 675 352 739 Montibus
368 673 418 734 his
436 675 507 736 olim
523 681 606 736 totus
619 674 804 751 promittitur
818 675 913 737 orbis.

239 761 313 836 Quis
329 763 444 819 tantum
460 758 513 817 1551
528 758 634 818 credat
648 758 762 818 habere
776 759 900 819 looumt

194 845 232 906 Et
246 847 307 904 iam
320 842 494 903 Dardaniae
513 847 639 916 tangent
651 842 729 903 haec
743 843 832 902 litora
852 842 953 917 pinus.

122 930 176 990 tho
231 927 288 986 Hio
303 939 433 1002 *quoquo
447 939 544 986 causa
556 925 629 985 novi
644 927 756 986 semina
768 926 873 987 martis
889 927 953 986 orit.

85 1085 95 1091 -
195 1010 271 1071 Caro
283 1024 399 1084 nepos,
414 1007 512 1081 Palla,
529 1009 650 1068 funesta
665 1008 740 1083 quid
754 1008 856 1070 induis
871 1016 976 1088 armat

235 1094 343 1152 Induat
359 1107 422 1152 non
437 1091 541 1154 humili
555 1091 678 1150 vindice
692 1107 802 1152 caesus
814 1093 886 1152 aris.

197 1173 284 1237 Victa
298 1183 399 1236 tamen
415 1174 538 1248 vinces,
561 1191 733 1250 eversaque
747 1177 837 1235 Troia
850 1191 1026 1257 resurgeat

237 1259 343 1320 Obruit
354 1259 488 1318 hostiles
503 1259 562 1318 ista
575 1257 663 1318 ruiria
677 1259 798 1318 domos.

8 1386 13 1393 -
122 1350 179 1408 555
189 1339 274 1404 Utile
288 1342 436 1403 victrices
445 1342 597 1422 Neptunia
610 1342 758 1417 Pergama
776 1340 931 1403 ilammuet

236 1427 314 1487 Num
328 1426 428 1488 minus
444 1425 494 1484 hio
511 1432 573 1486 toto
589 1433 637 1486 555
651 1425 739 1488 altior
753 1425 828 1486 orbe
843 1425 941 1484 oinist

193 1512 256 1576 Iam
272 1511 343 1586 pius
357 1510 481 1570 Asnaus
498 1525 588 1570 sacra
602 1516 646 1585 et,
662 1523 752 1570 sacra
766 1509 874 1584 altera,
896 1513 1013 1584 patrem

236 1595 379 1654 Adleretz
398 1593 510 1652 lliaoos
524 1593 639 1668 accipe,
654 1594 759 1666 Vasta,
777 1593 864 1652 deos.

193 1677 326 1754 Tempus
342 1677 413 1752 erit,
437 1692 507 1736 oum
525 1691 584 1736 vos
605 1674 1022 1752 orbemquetuebituridem,
1081 1673 1086 1680 ’

123 1771 176 1825 535
231 1761 268 1821 115
282 1761 438 1836 fientipso
454 1775 544 1827 saera
559 1761 677 1820 5515555
697 1761 771 1819 deo:
887 1768 891 1776 ’

192 1845 230 1904 Et
244 1859 341 1919 penes
355 1845 514 1918 Augustos
528 1844 645 1921 patriae
659 1845 753 1904 tutela
762 1841 909 1914 manebit.

234 1927 321 1987 Hane
335 1929 383 1990 las
398 1927 516 2002 imperii
531 1927 618 1986 irena
632 1935 736 1988 tenere
755 1927 888 1988 domum.

192 2012 269 2072 Inde
284 2027 383 2086 nepos
399 2019 552 2086 natusque
567 2011 632 2084 dei,
653 2011 723 2071 11555
737 2012 805 2086 ipse
818 2014 949 2083 recuset,

152 2143 156 2148 .
234 2094 378 2156 Pondora
397 2095 522 2155 55515551
538 2101 638 2155 inante
651 2101 779 2170 patema
798 2095 882 2153 leret.

124 2187 176 2240 535
191 2177 294 2254 thue
309 2194 367 2252 ago
381 2178 540 2253 perpetuis
553 2177 623 2239 olim
639 2177 786 2238 sacrabor
800 2177 830 2236 in
845 2176 917 2249 aris,
1036 2185 1039 2192 ’

237 2261 288 2321 Sin
302 2261 441 2346 Augusta
456 2278 570 2323 novum
586 2262 662 2322 Iulia
676 2277 787 2321 numen
802 2261 879 2320 erit’

193 2345 316 2406 Talibus
332 2352 365 2405 ut
381 2343 470 2406 (115515
491 2351 615 2406 nostros
631 2344 792 2405 deseendit
804 2344 833 2403 in
850 2359 958 2420 annos,

236 2427 376 2490 Substitit
389 2428 420 2486 in
436 2427 557 2488 medios
572 2429 713 2503 praescia
726 2429 829 2503 lingua
845 2441 950 2510 sonos.
980 2481 985 2494 ,

192 2511 516 2587 Puppibusegrossus
530 2512 616 2572 Latia
631 2511 713 2572 stetit
727 2512 798 2570 exul
811 2512 842 2569 in
856 2507 962 2594 herba.

127 2603 180 2656 515
198 2672 200 2676 ,
234 2595 334 2668 Felix,
346 2595 475 2656 axilium
491 2595 539 2656 oui
553 2596 640 2655 lo'ous
656 2596 707 2654 ille
723 2594 791 2653 luit!

195 2677 256 2738 Neo
273 2694 361 2738 mora
374 2679 469 2753 longa
483 2679 545 2738 1515.
575 2679 699 2738 stabant
711 2692 793 2736 nova
808 2681 896 2749 55555,
911 2688 1014 2750 neque
1028 2675 1106 2736 altar

58 2831 64 2842 .
235 2761 391 2822 Montibus
404 2763 552 2822 Ausoniis
571 2762 694 2822 Arcade
705 2761 806 2820 maior
819 2764 891 2830 orat.
974 2835 977 2841 .

142 2897 152 2906 .
193 2843 274 2906 11555
289 2846 387 2906 boves
403 2847 475 2906 illuc
488 2845 675 2922 Erytheidas
691 2845 825 2920 applicat
837 2842 931 2902 heros
1074 2843 1075 2849 ’

234 2927 486 3004 Emensuslongi
501 2929 636 3004 claviger
649 2927 734 2988 orbis
751 2927 818 2988 iter.
956 2940 958 2944 ·

124 3015 176 3072 515
190 3011 331 3086 Dumque
345 3010 418 3074 huie
432 3012 599 3087 hospitium
614 3013 724 3073 domus
741 3017 789 3070 est
798 3011 945 3086 Tegeaea,
963 3011 1113 3084 vagantur

236 3096 442 3156 incustoditae
455 3096 535 3155 laeta
549 3111 606 3170 per
621 3111 695 3155 arva
710 3094 818 3154 boves.
865 3127 870 3136 ·

139 3233 142 3238 ,
192 3177 283 3238 Mane
299 3187 373 3239 erat.
409 3193 559 3240 exeussus
576 3195 684 3240 somno
698 3177 873 3256 Tirynthius
892 3181 978 3236 actor
1012 3226 1014 3231 .
1123 3190 1133 3256 1

234 3261 281 3322 De
297 3277 423 3325 numero
441 3269 545 3324 tauros
561 3263 652 3323 sentit
666 3261 777 3321 abesse
793 3262 882 3322 duos.
1125 3272 1132 3283 ·

192 3343 282 3406 Nulla
295 3347 381 3406 videt
396 3361 547 3422 quaerens
561 3346 644 3406 taciti
658 3345 787 3420 vestigia
802 3344 887 3404 lurti=

100 3474 103 3482 .
119 3435 173 3488 555
229 3427 377 3490 Traxorot
391 3443 521 3491 aversos
537 3429 634 3490 Canus
649 3429 680 3489 in
696 3435 782 3488 antra
797 3427 894 3488 loros-2
