2520 4008
539 201 569 246 v.
593 183 769 249 lau-221.

267 338 368 402 Tertia
381 337 533 399 armantes
548 336 693 411 incoquet
708 338 779 414 igne
797 351 904 414 genas.

153 434 209 492 185
219 423 321 488 Noxia
334 421 417 482 mille
430 419 532 482 modis
546 419 729 482 lacerabitur
742 420 860 497 umbra,
878 427 1011 500 tuasque

264 507 389 569 Aeaeus
405 504 435 566 in
452 519 571 581 poenas
584 503 763 579 ingeniosus
778 507 843 566 erit.

221 593 257 653 ln
271 600 303 654 te
316 588 500 654 transcribet
515 593 651 649 veterum
664 592 818 649 tormenta
828 603 965 652 reorume

265 673 407 737 Manibus
422 673 557 750 antiquis
572 687 667 734 eausa
682 671 792 750 quietis
807 673 879 734 eris.

135 757 138 764 '
225 757 371 835 Sisyphe,
394 757 444 820 eui
457 757 564 821 tradas
577 755 748 818 revolubile
761 756 894 834 pondus,
914 753 1063 818 habebis=

156 847 212 904 19⁰
265 838 442 903 Versabunt
455 840 573 902 celeres
587 855 670 902 nunc
684 855 767 902 nova
780 839 917 902 membra
928 846 1025 902 rotae.

222 926 279 986 llio
293 932 324 986 et
337 924 403 1000 erit
424 938 529 985 ramos
545 923 658 985 lrustra
673 925 725 1001 qui
741 931 851 1001 captet,
873 930 904 985 et
916 925 1032 987 undosa

229 1057 230 1062 ,
263 1007 321 1070 Hie
335 1009 553 1084 inconsumpto
569 1008 691 1069 viscere
709 1017 818 1082 pascet
831 1023 917 1068 aves.

222 1092 285 1153 Nee
299 1093 406 1155 mortis
420 1105 542 1170 poenas
555 1104 640 1152 mors
655 1091 751 1152 altera
765 1091 850 1151 liniet
863 1091 964 1168 huiuS,

262 1176 409 1252 Horaque
424 1175 481 1237 erit
492 1175 585 1236 tantis
599 1175 705 1237 ultima
718 1174 801 1235 nulla
814 1175 913 1236 malls.

158 1259 298 1321 leoinde
312 1275 371 1336 ego
387 1275 487 1337 pauca
502 1273 619 1319 canam.
652 1257 777 1319 irondes
792 1267 826 1318 ut
840 1258 937 1333 siquis
952 1258 991 1319 ab
1007 1259 1070 1334 ida

262 1342 325 1404 Aut
339 1356 489 1406 summanr
503 1341 621 1419 Libyco
636 1340 676 1401 de
690 1357 775 1402 mare
789 1349 896 1416 carpat
909 1355 1030 1417 aquam.

221 1426 297 1487 Nam
311 1441 419 1503 neque
429 1432 504 1502 quot
517 1425 612 1486 liores
628 1423 732 1486 Sicula
745 1431 910 1486 nascautur
923 1426 954 1484 iu
968 1425 1079 1502 Hybla,

263 1511 383 1586 Quotve
397 1510 482 1584 ierat,
505 1509 615 1586 diuam,
637 1515 718 1569 terra
733 1507 842 1571 Cilissa
857 1524 977 1584 crocos,

222 1592 285 1654 Neo
300 1609 369 1655 eum
382 1593 477 1654 tristIs
487 1592 587 1654 hiems
602 1591 756 1669 aquilonis
771 1587 920 1654 inho'rruil
934 1591 1002 1669 alls,

158 1690 213 1746 uuo
265 1677 361 1752 Quam
373 1677 468 1738 mtrlta
481 1675 534 1737 ilat
548 1675 698 1754 grandine
715 1691 812 1738 canus
825 1675 941 1737 Athosa

220 1759 285 1822 Nee
299 1759 380 1822 mala
393 1775 473 1822 voee
485 1775 556 1822 mea
570 1766 714 1838 poterunt
728 1765 780 1821 tua
794 1766 903 1821 cuneta
916 1759 1034 1834 referri,

266 1843 326 1906 Ora
339 1844 410 1906 lieet
422 1842 539 1906 tribuas
554 1844 753 1924 multiplicata
765 1841 849 1904 milri.

221 1929 278 1990 Tot
290 1928 344 1989 tibi
359 1935 433 1989 vae!
452 1929 565 1992 misero
580 1928 704 1990 venient
717 1927 857 2003 talesque
871 1927 988 2002 ruintw,
1051 1975 1054 1982 ,

261 2012 302 2074 Ut
316 2013 384 2089 cogi
398 2012 430 2073 in
444 2013 585 2074 lacrimas
600 2028 650 2076 me
665 2027 790 2088 quoque
803 2026 901 2089 posse
913 2017 1028 2088 putem.

158 2109 211 2167 205
220 2095 295 2157 illae
309 2112 358 2157 me
371 2095 514 2158 lacrimae
529 2097 641 2159 lacient
656 2096 724 2158 sine
737 2095 799 2157 fine
812 2095 950 2158 beaturi:
1017 2117 1027 2144 ι
1119 2117 1124 2126 ·

146 2231 150 2234 .
179 2243 182 2248 .
264 2179 390 2241 Drilaior
402 2180 452 2241 hie
467 2181 532 2242 risu
545 2188 618 2243 tune
632 2178 705 2240 mihi
719 2177 811 2241 fletus
826 2177 892 2238 erit.

183 2262 186 2270 ”
221 2263 319 2324 Natus
334 2279 368 2326 es
381 2263 518 2340 lulelix‚..
533 2264 576 2326 ita
589 2265 622 2325 di
635 2265 799 2328 voluere...
814 2276 872 2322 nee
885 2259 949 2322 ulla

263 2346 432 2409 Commoda
445 2349 585 2409 nascenti
600 2348 689 2410 stella
701 2347 843 2422 levisque
857 2345 921 2406 luit.

221 2429 290 2492 Non
303 2431 412 2504 Venus
427 2430 560 2508 admisit,
585 2448 647 2494 non
661 2432 714 2492 illa
726 2430 863 2508 Iuppiter
875 2429 961 2504 hora,

158 2528 212 2584 210
259 2513 408 2590 Lunaque
423 2531 485 2576 non
501 2523 573 2593 apto
589 2515 700 2591 solque
714 2516 799 2578 luere
813 2515 893 2589 loeo,

221 2596 376 2660 Neesatis
390 2597 504 2661 utiliter
518 2597 638 2675 positos
652 2598 706 2660 tibi
720 2597 861 2674 praebuit
874 2597 961 2671 ignes

261 2683 358 2758 Quem
371 2683 493 2760 peperit
506 2698 617 2759 magno
632 2682 734 2743 lueida
747 2681 829 2740 lliaia
840 2678 917 2738 Iovi.
969 2677 971 2682 '

221 2764 263 2826 Te
279 2766 344 2826 iera
358 2781 418 2828 nee
433 2767 598 2843 quiequam
613 2765 767 2843 placidum
784 2759 969 2839 spondentia
982 2761 1086 2824 Martis

265 2847 375 2912 Sidera
388 2858 578 2928 presserunt,
598 2849 788 2924 laleilerique
802 2847 897 2908 senis.

157 2940 209 2996 215
221 2929 289 2994 Lux
305 2949 430 3011 quoque
444 2934 564 3009 natalis,
586 2950 626 2997 ne
641 2934 717 3010 quid
730 2931 790 2994 nisi
804 2929 890 2992 triste
903 2929 1038 3008 videres

263 3015 375 3092 napis
390 3024 420 3080 el
434 3019 565 3080 induatis
580 3017 712 3080 nubibus
728 3022 793 3076 atra
806 3015 871 3075 luit.
1072 3027 1075 3030 ·

220 3095 305 3159 Haeo
320 3107 379 3176 est,
400 3102 431 3162 in
447 3102 534 3163 lastis
550 3104 598 3164 cui
614 3098 785 3178 dat-gravis
799 3098 881 3160 Allia
894 3113 1015 3176 nomen,

263 3181 411 3261 Quaeque
425 3185 493 3246 dies
507 3183 583 3262 Ibin,
605 3184 730 3262 publiea
744 3183 864 3258 demna,
886 3184 961 3246 lulrt.

222 3264 280 3341 oui
295 3267 386 3330 simul
399 3269 520 3346 impura
531 3269 636 3331 matris
655 3269 822 3346 prolapsus
837 3266 876 3328 ab
891 3269 962 3330 alvo

152 3353 211 3414 22⁰
263 3348 447 3430 Cinyphiam
461 3351 554 3414 loedo
569 3368 701 3430 corpore
714 3353 830 3430 pressit
843 3351 977 3428 humum,

223 3431 311 3498 Sedit
324 3435 357 3498 iu
372 3437 505 3500 adverso
521 3445 688 3504 nocturnus
703 3437 834 3501 numine
846 3434 942 3511 bubo,
1041 3495 1043 3500 ,
