2520 4008
509 188 562 265 111,
582 185 612 263 1,
634 185 770 252 ra-os.
807 205 810 212 ·
847 221 850 226 ,
882 236 884 247 ,

208 347 308 412 ereda
322 341 406 418 mibi,
423 341 566 418 quotiens
581 315 718 402 laudaris
733 343 867 404 carmine
881 350 997 420 nostro,

250 430 306 505 Qui
321 427 395 502 legit
409 425 465 485 has
481 425 599 498 laudes,
621 440 660 484 an
676 439 822 502 mereare,
845 437 943 505 rogat.

208 517 311 590 thue
325 512 430 572 favere
444 523 516 569 reor
529 509 635 586 plures
649 508 811 572 virtutibus
825 511 903 586 istis,

251 598 303 670 Sia
318 603 447 658 tuanen
461 607 581 668 paucae
597 607 725 669 carpere
737 593 818 655 faeta
831 597 944 658 volant.

166 693 202 750 65
214 684 314 760 Quare
326 687 359 740 tu
375 683 507 754 praesta,
530 692 571 736 ue
584 677 677 739 Livor
690 676 794 738 dicere
808 681 910 755 possit

251 765 346 826 ‘Haeo
362 767 410 822 est
424 776 480 838 pro
496 760 601 822 miseri
614 762 697 823 lenta
712 761 809 824 salute
825 763 903 824 viri!

212 851 348 926 Cumque
362 861 420 922 ego
437 845 588 920 deiioia'm,
609 862 667 906 neo
683 846 801 922 possim
816 847 930 909 ducere
945 848 1073 926 currum,

251 933 312 994 Fae
325 939 359 993 ιιι
373 937 428 992 sus
429 929 528 990 tineas
544 891 645 990 debile
660 930 749 990 sola
741 947 854 1006 rugum.

211 1018 262 1078 Ad
276 1015 428 1078 medicum
444 1021 551 1112 speoto
566 1013 655 1075 verris
670 1014 856 1090 fugientibus
871 1031 977 1093 aeger·

169 1113 205 1168 ἰο
255 1097 383 1162 Ultima
380 1105 454 1175 pars
470 1098 590 1160 animae
605 1098 677 1160 duur
691 1098 764 1158 mihi
778 1106 880 1172 restat,
900 1103 986 1163 ades.

205 1175 362 1262 Quodque
378 1199 436 1260 ego
452 1189 652 1259 praestarem,
674 1183 701 1243 si
714 1190 744 1242 te
758 1185 855 1258 magis
870 1184 938 1260 ipse
953 1189 1095 1262 valerem,

250 1269 286 1329 Id
300 1269 382 1343 mibi,
406 1283 476 1329 eum
490 1269 596 1330 vateas
610 1267 719 1328 fortius
734 1267 813 1342 ipsa,
836 1267 926 1326 refer.

210 1352 312 1428 Exigit
326 1351 386 1414 hoe
402 1351 528 1422 socialis
544 1365 631 1412 amor
646 1351 818 1426 foedusque
832 1351 985 1414 maritum:

155 1484 156 1488 ,
252 1436 392 1498 Moribus
407 1437 477 1511 hoe,
500 1436 642 1511 coniunx,
665 1435 764 1510 exigis
779 1435 848 1512 ipsa
861 1435 930 1495 tuis.

167 1531 204 1588 '15
214 1523 280 1584 Hoc
297 1521 401 1584 domui
416 1520 523 1596 debes,
546 1519 586 1580 de
602 1535 664 1596 qua
679 1521 825 1594 censeris,
847 1526 880 1582 ut
894 1520 976 1583 iilam

250 1605 317 1666 Non
336 1605 434 1682 magis
451 1603 562 1664 officiis
579 1621 670 1680 quam
685 1605 835 1681 probitate
850 1607 944 1666 colas

212 1691 326 1753 Cuncta
340 1690 412 1751 lioet
425 1689 532 1762 iacias,
552 1688 612 1748 nisi
627 1688 687 1750 eris
703 1688 864 1750 laudabilis
880 1706 967 1766 uxor,

68 1797 70 1806 ·
131 1810 134 1815 -
251 1774 320 1835 Nun
334 1773 446 1850 poterit
461 1772 545 1833 aredi
560 1771 676 1833 Mareia
691 1775 771 1836 oulta
784 1772 848 1833 tibi.

211 1860 274 1920 Neo
289 1873 396 1921 sumus
411 1857 537 1934 indigni.
571 1872 638 1931 nee,
659 1859 686 1918 si
700 1857 748 1918 vis
762 1873 837 1919 vera
852 1859 946 1931 soteri,

168 1953 206 2008 60
235 1963 237 1968 ·
255 1941 391 2006 Debetur
405 1942 520 2002 meritis
536 1941 633 2016 gratia
647 1941 731 2002 nulia
745 1941 830 2002 meis.

212 2025 362 2088 Redditur
376 2024 427 2087 illa
444 2025 692 2102 quidemgrandi
711 2042 779 2086 oum
794 2027 899 2086 seuere
914 2025 1010 2098 nobis,

252 2111 316 2170 Neo
330 2118 370 2185 te,
394 2111 421 2171 si
436 2111 548 2186 cupiat,
571 2110 694 2171 laedere
709 2125 813 2170 rumor
827 2109 928 2170 habet.

214 2194 277 2256 Sed
291 2201 394 2256 tamen
408 2194 469 2256 boo
485 2194 574 2254 iactis
590 2193 723 2270 adiunge
738 2194 891 2270 prioribus
905 2209 1007 2267 urunt,

253 2278 311 2340 Pro
327 2279 441 2340 nostris
456 2285 490 2340 ut
504 2279 547 2338 sis
562 2277 730 2339 ambitiosa
739 2277 836 2338 malis.

65 2380 83 2428 f
169 2361 254 2426 tibUt
267 2363 367 2424 minus
383 2363 496 2440 infesta
511 2363 629 2422 iaceam
642 2363 784 2438 regione,
806 2359 928 2422 labora·

255 2446 371 2508 Claude
383 2462 441 2508 nee
457 2463 475 2507 ο
477 2446 551 2507 ifioii
565 2462 638 2524 pars
654 2447 710 2507 erit
698 2447 785 2508 tuila
800 2446 852 2506 tui.

213 2531 500 2607 Maguapetatosed
515 2538 691 2592 nontamen
707 2530 860 2592 invidiosa
873 2527 1005 2603 roganti:

253 2614 355 2690 thue
370 2631 407 2676 ea
421 2631 485 2677 nou
499 2621 649 2688 teneaat
637 2621 701 2675 tuta
715 2615 840 2690 repulsa
853 2605 905 2674 tu'a
919 2618 975 2671 est.

214 2698 276 2758 Nee
290 2698 363 2758 mihi
378 2715 539 2778 suscense,
560 2699 671 2761 totiens
686 2699 713 2758 si
729 2699 862 2758 camnine
876 2702 981 2756 nostro

169 2788 207 2844 90
258 2781 377 2856 Quodf
376 2785 449 2858 uois,
471 2792 505 2846 ut
520 2784 626 2859 facias,
647 2790 740 2859 teque
753 2782 880 2856 imitere,
902 2793 989 2853 rogo.

212 2866 354 2928 Fortibus
370 2869 508 2931 assuevit
520 2868 644 2930 tubicen
659 2867 820 2944 prodesse.
856 2876 975 2939 suoque

182 2955 186 2959 ’
254 2949 325 3012 Dux
338 2951 418 3012 bene
433 2953 598 3030 pugnantis
612 2952 717 3012 incitat
731 2967 785 3012 ore
798 2950 894 3014 viros.

213 3033 291 3094 Nota
305 3040 358 3097 tua
372 3043 420 3097 est
433 3037 571 3113 probitas
587 3042 760 3114 testataque
775 3040 895 3110 ternpus
911 3033 941 3093 in
957 3043 1060 3093 omne:

256 3117 302 3178 Sit
317 3119 412 3182 virtus
428 3121 518 3182 etiarn
533 3136 596 3181 nou
610 3120 762 3197 probitate
776 3119 884 3179 minor.

167 3205 203 3260 95
213 3200 282 3262 Non
296 3204 349 3264 tibi
363 3203 534 3267 Amazonia
548 3211 596 3265 est
610 3222 667 3282 pro
682 3221 732 3265 me
747 3203 898 3266 sumenda
912 3199 1038 3274 securis,

254 3288 318 3348 Aut
333 3289 440 3349 excisa
453 3288 514 3348 levi
530 3290 613 3364 pelta
626 3288 762 3364 gerenda
776 3304 878 3350 manu.
952 3346 954 3349 .

178 3368 331 3463 Numen
346 3371 538 3435 adorandum
554 3380 610 3434 est.
643 3388 705 3434 nou
717 3379 751 3433 ut
765 3372 838 3433 mibi
852 3371 905 3432 flat
919 3369 1057 3442 amisum,
1145 3399 1149 3403 ·

255 3451 320 3518 Sed
334 3455 421 3519 situi
433 3457 551 3572 iratum,
576 3472 667 3532 quam
681 3457 737 3520 ruit
751 3464 830 3530 aute,
852 3455 961 3518 minus
