2520 4008
377 135 379 142 ’
451 189 495 258 v.
518 185 736 264 u,1·-4,1e.

210 341 314 416 Assia
331 347 362 400 et
376 341 504 404 attonito
519 354 580 400 non
595 344 719 402 taceare
732 356 827 403 sono:

169 429 251 492 Ossa
263 424 449 502 bipenniferi
464 425 509 487 sic
525 422 586 484 sint
600 424 679 484 male
695 440 806 503 pressu
819 426 962 506 Lycurgi,

117 521 167 587 40‘
209 511 308 586 Impia
322 524 380 568 nec
394 523 497 584 poena
510 507 663 570 Pentheos
677 508 786 570 umbra
804 518 902 570 vacet.
1005 577 1008 582 y

173 596 225 658 Sic
238 594 330 656 micet
344 598 502 656 aeternum
515 592 679 670 vicinaque
692 592 797 658 sidere
810 593 912 655 vincat

215 677 360 752 coniugis
374 676 406 740 iu
422 678 509 738 caelo
525 675 638 739 cressa
651 691 769 738 corona
782 681 870 738 tuae:
1011 743 1015 748 ,

171 765 240 826 Huc
256 762 333 822 ades
345 766 379 820 et
392 775 485 822 casus
499 761 638 837 releves,
653 760 872 836 pulcherrime,
888 769 1022 840 nostros,

212 844 313 908 Unum
329 845 368 904 de
382 859 510 908 numero
525 860 574 906 me
588 860 707 906 memor
720 861 792 908 esse
807 851 877 906 tuot

82 976 86 982 1
120 943 157 998 45
172 930 250 992 Sunt
265 929 405 991 dis'inter
419 927 662 994 seeommcrcic.
699 929 825 992 flectere
838 935 953 1006 tempta

215 1014 398 1076 caesareum
412 1029 525 1078 numen
541 1012 679 1085 numios,
694 1013 833 1088 Bacche,
849 1019 916 1076 tuot

174 1099 240 1160 Vos
256 1113 395 1172 quoque,
412 1103 575 1160 consortes
590 1096 699 1170 studii,
721 1096 890 1172 picturus,
908 1107 1026 1177 poetae,

211 1181 298 1246 Haec
311 1181 420 1244 eudem
436 1187 560 1257 sumpto
577 1180 709 1254 quisque
721 1186 828 1256 rogale
843 1189 944 1244 mero!

119 1278 121 1284 ·
172 1265 274 1342 Atque
288 1265 400 1340 aliquis
415 1271 567 1338 vestrum,
583 1263 715 1326 Nasonis
731 1265 958 1340 nominemus,

122 1357 158 1412 50
210 1349 499 1424 Deponutlacrimis
515 1347 628 1426 pocula
640 1347 735 1410 mixta
750 1349 824 1421 suis,

171 1432 417 1510 Admonitusque
430 1433 506 1507 mei,
521 1449 592 1498 cum
606 1431 857 1508 circumspexerit
873 1447 989 1508 omnes,

210 1517 298 1578 Dicat
312 1516 382 1579 ‘Ubi
396 1522 446 1579 est
459 1517 556 1578 nostri
568 1533 645 1594 pars
656 1516 753 1582 modo
767 1517 851 1582 Naso
867 1516 984 1580 chorin

171 1601 269 1676 quue
283 1601 339 1677 itu,
355 1601 382 1662 si
397 1606 534 1663 vestrum
547 1602 643 1662 merui
659 1600 793 1664 caudore
808 1602 952 1674 levorem,

211 1684 361 1760 Nullaque
375 1683 490 1746 iudicio
505 1685 603 1746 littera
616 1686 704 1748 laesa
717 1699 785 1746 meo
802 1689 865 1748 est:

82 1764 90 1774 '
118 1771 156 1828 55
171 1765 204 1829 Si
219 1774 355 1832 veterum
370 1768 463 1844 rique
477 1785 610 1832 venerer
622 1783 693 1833 eum
706 1769 823 1844 scripta
836 1767 980 1842 virunrm,

207 1851 351 1913 Proxima
365 1867 427 1916 non
443 1852 502 1916 illis
518 1869 589 1916 esse
604 1853 721 1915 minora
735 1867 814 1914 reor.

167 1933 218 1996 Sic
232 1935 322 2012 igitur
336 1937 445 1999 dextro
460 1937 579 2000 iacietis
593 1935 737 2014 Apolline
753 1951 883 2008 carmen,

210 2019 300 2094 Quod
314 2019 399 2096 licet,
411 2020 493 2084 iuter
506 2038 564 2086 vos
579 2037 691 2086 nemen
705 2019 816 2082 habete
829 2027 944 2082 meum!
992 2063 994 2068 s

104 2151 150 2253 4·
173 2153 282 2250 [litore
297 2187 336 2250 ab
348 2188 469 2252 Euxino
484 2189 617 2253 Nasonis
630 2187 766 2264 epistole
779 2188 859 2260 veni,

210 2273 372 2348 Lassaque
386 2275 467 2334 lacta
481 2273 556 2334 mari
570 2273 717 2348 lassaque
730 2272 816 2335 luctu
828 2272 885 2345 viu,

170 2355 226 2431 Qui
240 2357 313 2418 milri
328 2356 408 2420 flens
424 2357 500 2418 dixit
514 2358 584 2430 Ἧι,
602 2356 651 2418 cui
665 2357 750 2430 licet,
767 2357 872 2431 aspice
885 2355 1029 2418 Remum!

209 2441 277 2500 Heu
292 2449 405 2517 quanto
419 2443 529 2504 melior
542 2455 613 2502 sors
627 2447 681 2503 lua
691 2445 777 2501 sorte
789 2455 858 2500 mea
871 2444 946 2502 estl’

137 2523 261 2586 salens
275 2539 402 2600 quoquc
413 2542 465 2586 nac
480 2524 613 2600 scripsit.
624 2540 692 2586 ‚nac
704 2541 765 2601 qua
777 2523 929 2600 signabar,
946 2523 986 2584 ud
1001 2539 1037 2586 os
1052 2529 1100 2586 est

150 2653 153 2656 -
208 2609 304 2682 Ante,
318 2609 376 2669 sed
390 2609 430 2670 ud
445 2608 586 2673 madidas
599 2621 721 2683 gemm
735 2609 831 2670 relatu
844 2623 951 2682 genus.

166 2692 319 2754 Tristitiae
333 2709 458 2756 causum
471 2693 776 2772 siquiscognosccre
792 2690 918 2766 quaerit,

184 2811 185 2814 =
211 2775 339 2836 Ostendi
354 2778 453 2840 solem
467 2777 604 2854 postulat
613 2776 668 2838 ¹ilic
681 2773 752 2848 sihi,

166 2859 230 2919 Nec
250 2861 438 2922 frondem-in
451 2861 556 2934 silvis,
574 2875 633 2922 nec
646 2863 753 2934 aperto
768 2859 871 2920 mollia
885 2862 972 2932 prato
1008 2911 1010 2914 .
1058 2903 1060 2908 .

118 2955 155 3008 1οκ
209 2943 369 3018 Gramina,
384 2960 442 3006 nce
457 2947 549 3020 pleno
567 2942 693 3007 flumine
708 2945 804 3006 cernit
819 2957 932 3018 equas:

167 3026 247 3102 Quid
260 3025 398 3088 Priamus
415 3030 531 3102 dolcat,
547 3027 720 3101 mirabitur,
735 3027 866 3090 Hectore
878 3031 978 3100 rapto,

207 3111 330 3184 Quidve
343 3109 528 3174 Philoctetes
542 3112 620 3176 ictus
636 3111 674 3172 ab
689 3126 789 3186 angue
801 3115 912 3186 gemat.

166 3195 357 3258 Dissiacerent
369 3199 499 3271 utinum,
513 3197 582 3256 tulis
599 3201 696 3256 status
712 3201 796 3255 esset
809 3195 840 3254 in
855 3195 917 3268 illo,

206 3279 247 3340 Ut
260 3279 334 3342 mihi
348 3281 488 3344 tristitiae
502 3295 596 3342 cause
611 3278 753 3344 docende
765 3279 854 3344 foret·
884 3321 888 3326 -
923 3323 925 3330 ι

115 3369 151 3423 15
164 3359 239 3423 Fert
251 3369 369 3442 tamen,
382 3372 419 3428 ut
433 3363 538 3438 cebet,
555 3373 647 3444 casus
663 3363 813 3438 patienter
827 3373 958 3436 amaras,

121 3542 140 3588 0
203 3445 292 3592 Mloffe
308 3465 368 3511 nec
386 3447 625 3550 indomitixircna
639 3455 761 3512 rccuset
776 3446 857 3522 equi.
873 3533 890 3587 6

143 3546 205 3590 vm.
272 3577 279 3590 .
