2520 4008
443 237 484 310 n,
506 231 541 303 e,
564 222 685 300 aar,
706 217 757 304 ur.

126 425 164 478 ao
220 401 388 472 verbaque
399 392 552 453 Fortunae
564 381 619 439 vix
630 381 704 453 puto
719 385 815 448 posse
830 367 906 428 dari.

180 493 237 554 Est
250 487 293 548 illl
308 493 401 542 curae
416 486 465 534 me
480 465 620 545 perdere.
650 469 792 534 quaeque
808 452 927 513 solebat

223 573 303 633 Esse
313 561 412 633 levia,
428 558 575 618 constans
590 551 620 606 et
633 541 713 604 bene
727 544 810 596 certa
823 540 924 596 nocet.

185 657 283 720 Crede
297 646 386 720 mihi,
403 639 430 702 si
444 653 513 700 sum
528 629 592 692 veri
606 625 660 688 tibi
674 621 813 698 cognitus
830 616 902 689 oris,

225 740 270 799 Ne
285 741 430 794 umneros
445 716 559 781 nostris
575 710 698 774 casibus
714 719 785 767 esse
799 707 898 780 putes,

137 831 172 888 2⁵
188 819 356 901 Cinyphiae
370 806 484 884 segetis
500 799 589 866 eitius
603 789 778 855 numerabis
793 787 913 856 aristas,

178 947 181 951 -
228 907 361 975 Altaque
376 905 468 971 quam
482 883 584 946 mulis
599 877 709 938 floreat
721 871 824 952 Hybla
836 866 966 945 thymis:

189 993 228 1053 Et
242 991 316 1064 quot
331 994 405 1042 aves
420 971 511 1035 motis
526 967 658 1028 nitantur
672 961 703 1020 in
720 961 791 1016 abre
806 950 926 1029 pennis,

235 1073 375 1148 Quotque
389 1062 493 1120 natent
507 1051 611 1130 pisces
625 1055 776 1118 aequore,
792 1043 893 1096 certus
909 1031 979 1104 eris,

195 1161 289 1234 Quam
302 1149 359 1213 tibi
371 1149 547 1207 nostrorum
562 1133 709 1193 statuatur
723 1135 841 1184 summo
854 1117 1002 1188 laborum,

144 1258 180 1312 eo
235 1241 318 1314 oues
333 1247 390 1308 ego
407 1241 475 1289 sum
489 1228 585 1292 terra,
602 1226 680 1289 quos
696 1222 755 1282 ego
770 1216 884 1281 passus
900 1213 990 1274 aqua.

194 1323 282 1385 Nulla
296 1316 380 1379 Getis
395 1315 460 1372 toto
475 1319 551 1384 gens
567 1305 614 1360 est
633 1289 830 1356 truculentior
844 1283 934 1345 orbe:

240 1403 301 1468 Sed
315 1410 418 1463 tomen
431 1393 463 1454 hi
478 1385 593 1450 nostris
608 1382 785 1456 ingemuere
799 1367 898 1430 malis.

197 1493 280 1568 Quae
294 1485 347 1548 tibi
362 1482 389 1544 si
407 1470 534 1540 memori
549 1481 642 1529 coner
656 1455 847 1538 perscribere
861 1463 962 1521 uersu,

236 1573 309 1635 Ilias
323 1573 370 1630 est
383 1562 441 1624 lati
451 1561 544 1632 longa
558 1553 658 1612 lutura
671 1542 740 1603 mei.
888 1608 890 1613 Ι

145 1669 182 1724 35
195 1661 263 1720 Non
278 1654 368 1731 igitur
381 1647 509 1716 vereor,
527 1636 599 1712 quio
612 1640 642 1691 te
655 1642 725 1688 rear
739 1637 810 1684 esse
825 1613 1004 1685 verendum,

241 1741 334 1828 Cuius
349 1745 436 1794 arnor
447 1723 538 1787 nobis
554 1719 683 1796 pignora
696 1708 778 1770 mille
792 1702 892 1764 dedita

202 1825 264 1888 Sed
279 1822 350 1897 qula
364 1831 415 1876 res
428 1807 535 1873 timida
549 1809 596 1864 est
611 1795 709 1860 omnis
723 1791 831 1862 miser,
847 1791 878 1846 et
890 1780 962 1858 quia
976 1769 1131 1850 longeest

242 1910 393 1980 Tempore
407 1893 539 1957 laetitiae
553 1887 644 1947 ianua
658 1881 763 1940 clausa
775 1885 873 1933 meae.

100 2059 102 2061 .
202 1996 266 2054 Iam
281 1989 369 2050 dolor
384 1984 414 2042 in
429 1989 545 2040 morem
559 1967 643 2030 venit
655 1977 754 2024 meus.
781 1962 877 2030 utque
892 1946 1018 2010 caducis

150 2085 189 2138 40
244 2077 399 2136 Percussa
413 2061 521 2124 crebro
535 2069 614 2116 saxa
628 2051 775 2112 cavantur
789 2035 888 2114 aquis,

205 2161 256 2224 Sic
271 2171 330 2232 ego
346 2149 489 2213 continuo
505 2141 645 2202 fortunae
657 2130 803 2192 vrrlneror
816 2120 886 2190 ictu,

246 2242 370 2314 Vixque
384 2232 477 2294 habet
490 2228 522 2288 in
535 2219 625 2284 nobis
641 2216 701 2276 iam
714 2223 795 2271 nova
809 2205 901 2280 plaga
914 2198 1023 2258 locum.

132 2331 135 2337 '
176 2346 179 2350 ·
205 2330 269 2391 Nec
282 2320 380 2396 magis
396 2313 522 2378 assiduo
535 2317 643 2367 vomer
655 2301 796 2359 tenuetur
809 2287 847 2348 ab
862 2299 931 2356 usu,

245 2410 309 2470 Nee
322 2403 420 2478 magis
436 2403 484 2459 est
498 2390 600 2454 curvis
614 2382 718 2460 Appia
731 2377 801 2438 tritu
814 2369 900 2444 rotis,
1012 2400 1016 2412 .

157 2508 192 2560 45
205 2497 333 2558 Pectora
348 2501 439 2562 quam
454 2492 523 2541 mea
538 2479 609 2534 sunt
623 2467 703 2528 serie
719 2463 842 2522 caecata
856 2449 1015 2512 malorum.

248 2578 286 2638 Et
301 2572 375 2634 nihil
388 2563 508 2637 inveni,
525 2555 610 2636 quod
625 2549 697 2611 mihi
712 2547 804 2606 lerret
819 2551 920 2612 opem.

105 2675 108 2680 ’
210 2661 335 2724 Artibus
350 2649 491 2729 ingenuis
508 2623 820 2720 quaesitaestgloria
832 2615 947 2678 multis:

128 2800 130 2807 .
218 2807 221 2812 ,
252 2735 455 2814 Infelix-perti
471 2727 594 2792 dotibus
609 2721 677 2795 ipse
692 2711 778 2774 meis.

151 2844 153 2847 ’
170 2875 172 2880 -
210 2830 283 2892 Vita
296 2825 382 2901 prior
396 2819 469 2880 vitio
486 2815 568 2874 earet
583 2813 613 2866 et
628 2802 694 2862 sine
708 2793 777 2855 labe
792 2787 929 2866 peraeta

58 2997 60 3002 ,
137 2913 140 2920 ’
164 2932 198 2986 50
250 2907 364 2974 Auxilii
378 2903 492 2964 misero
506 2895 549 2956 nil
561 2889 629 2952 tulit
643 2884 695 2945 illa
711 2876 794 2940 mihr.

87 3012 90 3018 '
147 3045 151 3050 -
215 2997 311 3072 culpa
324 2989 427 3068 gravis
442 2979 586 3062 precibus
602 2973 734 3032 donatur
747 2969 842 3032 saepe
857 2960 996 3011 suorum=
1108 2995 1110 2999 ,
1208 2971 1210 2976 .

258 3077 362 3140 Omnis
378 3065 540 3149 pronubis
556 3041 828 3136 gratia'mutaluit.
888 3088 890 3092 ,
1024 3028 1025 3031 ’

216 3163 352 3226 Adiuvat
364 3157 396 3221 in
411 3151 495 3214 duris
511 3145 613 3218 aliqua
626 3127 801 3215 praesentia·
813 3118 922 3182 rebus=

237 3309 241 3313 ,
257 3243 364 3308 Obruit
377 3239 438 3300 hoe
454 3234 566 3296 absens
581 3229 670 3284 vasta
684 3210 821 3293 procella
836 3204 947 3275 eaput.-

167 3344 202 3400 oo
216 3333 292 3414 Quis
308 3340 372 3390 non
388 3313 541 3404 horruerit
556 3308 678 3370 tacitum
698 3305 823 3376 quoque
839 3277 979 3346 Caesaris
998 3275 1094 3334 hamt

261 3412 377 3476 Addita
391 3411 463 3470 sunt
479 3395 588 3478 poenis
608 3399 720 3465 aspera
735 3375 832 3440 uerba
846 3367 934 3431 meis.
1041 3427 1042 3430 Ἴ

219 3501 267 3564 Fit
283 3499 358 3572 luga
374 3483 563 3567 temporibus
580 3474 687 3539 levior.
722 3461 877 3543 proiectus
892 3451 1054 3594 {graffium
