2520 4008
66 210 68 214 ·
135 213 196 287 roo
457 298 462 301 ι
526 187 588 268 ux
614 206 762 268 rouro
800 169 802 172 ’

170 397 173 416 ι
213 363 322 439 Tristia
336 375 392 438 per
405 373 523 420 vacuos
537 357 662 419 horrent
677 357 830 420 absinthia
845 375 1004 436 campos:-
1083 395 1084 400 κ

159 461 160 464 ’
254 445 509 519 conveniensque
525 459 582 504 suo
597 443 710 504 messis
725 457 830 504 amara
845 443 927 504 loco.

173 530 310 595 25Adde
324 535 433 602 metue,
456 534 486 589 et
501 527 585 604 quod
599 542 704 588 murus
719 526 860 604 pulsatur
874 525 912 586 ab
928 526 1028 604 hoste,

134 688 136 690 ¹
254 614 422 687 Tinctaque
437 612 592 672 mortifera
605 609 675 668 tabe
691 611 801 685 sagitta
814 610 925 684 madet,

215 697 304 774 Quod
319 695 427 773 procul
441 695 519 755 haec
534 692 620 768 regio
635 700 726 753 estet
741 695 779 754 ab
795 693 877 753 omni
892 693 984 754 devia
998 705 1103 772 cursu,

255 781 317 842 Nee
332 781 413 856 pede
430 795 491 855 quo
504 777 680 854 quisquam,
696 791 753 837 nec
767 783 833 838 rate
847 784 929 838 tutus
944 783 1002 839 eat.

91 895 95 900 ·
166 889 168 893 ’
213 867 281 927 Non
296 865 386 940 igitur
401 863 517 936 mirum,
540 861 632 920 finem
648 860 865 935 quaerentibus
879 860 989 923 horum

163 961 198 1016 30
252 949 358 1010 Altera
372 947 399 1006 si
414 945 505 1007 nobis
520 959 620 1019 usque
635 952 759 1020 rogatur
772 944 893 1006 humus.

212 1035 255 1093 Te
269 1031 367 1107 magis
382 1035 430 1090 est
443 1031 551 1090 mirum
566 1042 628 1087 non
642 1027 703 1088 hoc
717 1028 870 1105 evincere,
889 1029 1032 1106 coniunx,

253 1115 350 1190 Inque
364 1115 441 1176 meis
456 1112 599 1174 lacrimas
613 1126 711 1188 posse
725 1117 831 1173 tenere
844 1108 943 1174 malis.
961 1135 962 1139 ¹

93 1259 95 1262 .
215 1200 293 1275 Quid
308 1198 414 1273 iacias,
438 1197 584 1274 quaeris?
606 1195 813 1271 quaeres'hoc
827 1197 944 1258 scilicet
957 1198 1069 1275 ipsum.

171 1301 174 1304 ’
255 1284 408 1355 Invenies,
429 1296 503 1342 vere
518 1281 545 1340 si
558 1279 693 1355 reperire
707 1280 806 1341 voles.

163 1373 198 1428 35
215 1367 301 1427 Velle
315 1381 423 1442 parum
439 1372 496 1426 est.
530 1364 646 1440 cupias,
670 1370 703 1425 ut
715 1379 749 1424 re
766 1363 903 1442 potiaris,
928 1371 1058 1440 oportet,

170 1495 174 1528 ·.
253 1451 292 1512 Et
306 1450 397 1511 saciat
412 1465 538 1511 somnos
554 1449 631 1508 haec
646 1447 700 1508 tibi
716 1463 790 1509 cum
803 1448 925 1510 breves.

214 1534 304 1594 Velle
316 1548 387 1594 reor
401 1534 523 1594 multos.
554 1531 628 1607 Quis
645 1533 726 1592 enim
741 1531 813 1593 mihi
827 1539 890 1592 tam
904 1531 944 1593 sit
957 1531 1092 1606 iniquus,

262 1617 351 1694 Optat
364 1622 397 1678 ut
412 1617 628 1694 exiliumpace
644 1629 750 1676 carere
764 1623 886 1688 meumes

215 1700 342 1771 Pectore
355 1706 386 1762 te
400 1707 464 1762 toto
480 1699 660 1776 cunctisque
675 1699 853 1762 incumbere
867 1699 971 1761 nervis

162 1792 198 1848 40
253 1785 290 1844 Et
304 1785 357 1845 niti
372 1799 429 1860 pro
445 1799 495 1845 me
509 1789 600 1844 nocte
615 1783 727 1867 dieque
743 1783 840 1844 decet.
1039 1780 1040 1788 ’

214 1868 316 1944 thue
330 1869 434 1929 iuvent
448 1867 508 1945 alii,
527 1874 562 1930 tu
577 1867 672 1928 debes
687 1867 811 1928 vincere
826 1867 951 1942 amicos,

163 2015 165 2018 ,
255 1953 350 2026 Uxor,
373 1959 404 2014 et
418 1952 458 2012 ad
472 1951 568 2029 partis
583 1951 682 2028 prima
696 1951 803 2012 venire
817 1958 898 2014 tuas.

203 2035 326 2111 ‘Magna
339 2036 393 2096 tibi
407 2035 551 2112 imposita
566 2041 613 2096 est
627 2036 742 2096 nostris
756 2039 893 2112 persona
906 2033 1032 2095 libeliis:

258 2117 401 2195 Coniugis
417 2120 590 2196 exemplum
606 2119 717 2180 diceris
733 2134 805 2180 esse
815 2119 929 2202 bonae.

166 2213 200 2270 45
214 2203 301 2264 Hanc
315 2219 354 2266 ne
369 2204 540 2280 degeneres
555 2210 585 2264 et
599 2202 660 2263 sint
674 2203 841 2280 praeconia
853 2211 960 2266 nostra

256 2288 348 2364 Vera,
370 2287 451 2365 vide,
473 2287 573 2348 tornae
589 2301 650 2363 quo
666 2289 779 2349 tuearis
795 2302 884 2364 opus.

214 2371 254 2433 Ut
267 2371 341 2432 nihii
355 2371 424 2447 ipse
440 2386 559 2446 querar,
581 2371 673 2432 tacito
689 2387 738 2432 me
752 2373 834 2432 tama
849 2378 1001 2449 queretur,

258 2455 342 2528 Quae
356 2452 466 2530 debet,
480 2454 575 2515 tuerit.
584 2455 615 2514 ni
629 2454 682 2515 tibi
694 2471 773 2535 'cura
786 2456 855 2516 mci.

215 2537 367 2614 Exposuu
381 2553 450 2599 mea
464 2552 514 2598 me
528 2539 645 2615 populo
660 2540 784 2601 fortuna
797 2540 971 2612 videndum,

124 2683 129 2694 ,
173 2629 208 2685 50
256 2621 293 2682 Et
308 2623 378 2698 plus
393 2621 526 2696 notitiae,
551 2639 642 2698 quam
657 2623 804 2699 saltante,
828 2624 920 2685 dedit.
958 2643 961 2650 ¹

213 2706 320 2770 Notior
334 2713 382 2768 est
395 2708 494 2770 factus
510 2707 672 2784 Capaneus
687 2723 706 2768 a
721 2707 855 2768 fulminis
869 2708 946 2770 ictu=

201 2869 202 2872 Ἴ
254 2791 352 2852 Notus
366 2791 460 2854 humo
475 2793 586 2852 mersis
602 2790 809 2868 Amphiaraus
824 2792 922 2866 equis.

101 2895 102 2898 ¹
216 2873 362 2936 siminus
379 2873 522 2952 errasset,
544 2881 635 2937 notus
650 2875 750 2936 minus
766 2883 850 2938 essct
863 2875 985 2937 Ulixes:

255 2958 367 3034 Magna
380 2958 565 3021 Philoctetae
581 2961 706 3020 vulnere
721 2959 802 3020 fama
818 2975 874 3020 suo
891 2965 948 3019 est.

172 3047 207 3101 55
220 3039 252 3102 Si
266 3043 353 3104 locus
370 3049 418 3104 est
432 3044 542 3121 aliquis
557 3050 641 3104 tanta
655 3043 733 3106 inter
746 3044 871 3104 nomina
886 3041 1000 3119 parvis

256 3125 320 3188 Nos
336 3139 460 3202 quoque
476 3127 663 3204 conspicuos
679 3135 786 3188 nostra
800 3128 888 3188 ruina
902 3125 983 3186 tacit.

213 3209 276 3270 Nec
290 3217 321 3271 te
335 3211 447 3272 nesciri
462 3213 574 3288 patitur
587 3226 656 3272 mea
670 3210 792 3288 pagina.
827 3227 889 3287 qua
902 3225 965 3270 non

253 3293 384 3369 Interius
400 3297 463 3357 coa
476 3295 588 3356 Bittide
603 3309 715 3357 nomen
729 3295 838 3356 habes.
955 3291 956 3296 ’

211 3374 365 3454 Quidquid
378 3394 452 3456 ages
467 3379 566 3455 igitur,
590 3394 685 3451 scena
700 3376 882 3456 spectabere
895 3385 1018 3452 magna,

170 3465 207 3522 σο
259 3462 297 3538 Et
311 3461 362 3538 pia
377 3479 439 3524 nou
457 3463 563 3538 parvis
577 3463 708 3524 testibus
723 3477 803 3544 uxor
816 3459 889 3522 eris.
