2520 4012
428 225 773 332 rv,a‚oa-¹4‚sa
1044 233 1086 300 os

192 380 231 442 Et
245 380 285 440 de
300 380 453 458 communi
467 395 540 454 pers
556 394 679 456 quoque
693 389 799 442 nostra
812 383 894 443 bono
909 389 966 444 est

115 500 123 516 ·
150 463 288 540 Iuppiter
303 461 434 537 ingeniis
449 463 575 537 praebet
589 479 647 523 sua
659 465 783 526 numina
796 474 907 541 vatum,

195 545 298 624 Seque
314 545 461 606 celebrari
477 546 614 620 quolibet
629 560 682 606 ore
697 546 777 607 sinit.

154 629 253 692 Causa
266 637 319 691 tua
334 629 476 704 exemplo
492 644 673 704 superorum
687 637 750 690 tute
765 632 894 691 duorum
909 639 964 708 esi,

106 723 145 778 20
198 713 332 787 Quorum
346 712 396 772 hic
411 711 567 788 aspicitur,
591 713 724 774 creditur
738 714 789 773 iiie
804 715 891 775 deus.
941 762 944 768 .

156 796 195 857 Ut
209 811 271 856 non
287 795 452 869 debuerim,
476 802 577 856 tamen
592 796 653 857 hoe
667 811 725 872 ego
741 799 853 858 crimen
867 797 997 859 habebo.

197 880 263 942 Non
278 879 334 939 iuit
348 878 464 939 arbitrii
479 879 577 940 littera
591 882 764 942 nostratui.

155 963 218 1023 Nec
232 978 321 1038 nova,
345 964 428 1038 quod
442 969 542 1022 tecum
556 963 683 1038 loquor,
707 970 754 1024 est
768 965 875 1026 iniuria
888 974 1002 1046 nostra,

195 1045 358 1107 Incolumis
375 1061 443 1106 cum
460 1062 521 1122 quo
537 1061 632 1122 saepe
647 1049 767 1108 locutus
783 1063 876 1109 eram.

108 1139 145 1193 25
156 1129 220 1204 Quo
235 1145 362 1190 vereare
377 1130 487 1204 minus,
509 1146 548 1190 ne
562 1131 619 1190 sim
632 1130 685 1190 tibi
699 1132 813 1191 crimen
828 1133 952 1207 amicus,

193 1213 351 1287 Invidiam,
373 1215 464 1290 siqua
478 1221 533 1286 est,
556 1221 662 1274 auctor
676 1213 791 1275 habere
804 1221 914 1290 potest.

153 1295 227 1356 Nem
241 1303 311 1357 tuus
327 1303 375 1358 est
387 1299 494 1373 primis
511 1299 610 1358 cultus
626 1297 698 1357 mihi
713 1313 835 1374 semper
849 1299 887 1358 ab
901 1301 1019 1361 annis...

93 1382 98 1390 '
193 1379 260 1441 Hoc
275 1387 356 1440 certe
371 1382 433 1442 noti
450 1382 673 1442 dissimulare...
688 1388 783 1458 peter,

152 1463 371 1539 Ingeniumque
383 1481 514 1526 meum...
527 1471 616 1541 potes
628 1465 688 1524 hoo
699 1464 904 1542 meminisse...
916 1465 1065 1541 probabat

107 1557 144 1614 30
194 1546 266 1609 Pius
281 1547 379 1622 etiam,
403 1565 495 1624 quam
512 1564 561 1608 me
575 1548 676 1609 iudice
691 1549 802 1624 dignus
817 1564 909 1608 eram.

152 1631 259 1705 Deque
273 1632 350 1692 meis
364 1633 416 1692 iiio
431 1631 583 1692 referebat
597 1632 738 1692 versibus
754 1646 817 1705 ore,

192 1714 225 1774 ln
243 1732 304 1790 quo
320 1732 392 1791 pars
408 1717 487 1776 altae
501 1715 666 1776 nobilitatis
681 1722 754 1774 erat.

151 1797 218 1856 Non
234 1799 323 1873 igitur
337 1799 390 1860 tibi
406 1816 495 1874 nunc,
520 1799 603 1873 quod
618 1815 667 1858 me
682 1798 792 1858 domus
805 1797 865 1856 ista
878 1799 1001 1874 recepit,

194 1879 257 1958 Sed
270 1883 355 1958 prius
371 1884 487 1944 auctori
502 1890 573 1943 sunt
587 1882 658 1943 data
672 1881 768 1943 verbe
782 1888 845 1944 tuo.

104 1963 386 2041 etNeodatasuni,
401 1966 585 2038 mihicrede,
600 1972 710 2026 tamen.
732 1964 830 2026 sedin
846 1963 984 2024 omnibus
997 1963 1082 2037 actis,
1127 2035 1128 2039 Ἰ

191 2047 306 2110 Ultima
319 2050 346 2110 si
360 2050 477 2124 demas,
500 2050 563 2110 vita
577 2051 693 2110 tuenda
705 2064 775 2108 mea
790 2054 845 2108 est.
1045 2113 1048 2121 ,

138 2129 238 2204 ΙΗειηο
255 2148 386 2208 quoque,
408 2151 469 2209 qua
483 2133 570 2210 perii,
592 2134 712 2208 cuipam
728 2131 829 2192 scelus
844 2145 915 2189 esse
929 2127 1065 2206 negabis,

195 2213 229 2275 Si
242 2217 317 2277 tanti
333 2217 428 2277 series
444 2216 485 2276 sit
499 2217 552 2276 tibi
566 2222 640 2276 nota
654 2215 734 2275 mali.

151 2298 214 2358 Aut
226 2300 317 2359 timor
331 2305 383 2360 aut
396 2315 482 2360 error
494 2299 594 2376 nobis,
616 2300 701 2375 prius
716 2297 813 2360 obtuit
826 2311 919 2356 error.

107 2393 143 2448 40
193 2382 237 2441 A!
260 2383 327 2444 sine
341 2397 390 2442 me
405 2383 457 2443 fati
471 2399 534 2444 non
549 2384 725 2444 meminisse
739 2382 808 2445 mei.

151 2465 236 2525 Neve
250 2467 442 2528 retractando
459 2467 594 2527 nondum
609 2467 750 2528 coeuntia
763 2480 871 2539 rumpe

193 2549 337 2610 Vulnera.
370 2551 423 2610 vix
438 2551 497 2610 iliis
513 2552 650 2625 proderit
664 2551 733 2626 ipsa
749 2549 847 2624 quies.

151 2631 234 2710 Ergo
249 2641 282 2693 ut
295 2635 359 2694 iure
375 2634 483 2694 damus
500 2651 633 2710 poenes,
656 2636 700 2694 sie
715 2633 810 2692 abfuit
825 2645 913 2688 omne

194 2715 324 2778 Peccata
340 2719 457 2778 facinus
473 2717 695 2792 consiliumque
710 2732 789 2776 meo.

111 2803 145 2860 45
156 2799 254 2876 ldque
270 2802 347 2861 deus
363 2802 463 2862 sentit.
479 2862 482 2868 ,
497 2817 553 2876 pro
570 2817 630 2876 quo
646 2815 703 2860 nec
716 2801 818 2860 lumen
833 2795 1016 2869 ademptum,

193 2883 257 2944 Nec
270 2885 343 2944 mihi
359 2885 511 2946 detrectas
527 2885 668 2960 possidet
683 2885 758 2944 aiter
773 2895 860 2955 opes.

152 2965 292 3028 Forsitan
306 2968 386 3028 hanc
402 2970 510 3046 ipsam,
533 2968 616 3028 vivat
630 2967 732 3041 modo,
754 2965 839 3025 finiet
854 2961 933 3036 olim,

195 3051 344 3126 Tempore
360 3066 429 3112 cum
445 3053 533 3112 tuerit
548 3053 645 3112 lenior
659 3052 712 3123 ira,
735 3051 847 3123 iugem.

153 3133 239 3193 Nunc
254 3151 366 3210 precor
379 3136 451 3196 hine
467 3136 525 3195 aiio
541 3135 643 3194 iubeat
658 3133 827 3205 discedere,
852 3129 878 3188 si
894 3144 954 3189 non

105 3225 142 3280 50
196 3217 308 3279 Nostra
320 3218 495 3280 verecundo
510 3225 583 3279 vote
597 3219 715 3293 pudore
730 3222 841 3275 carent.

150 3301 254 3362 Mitius
270 3303 396 3363 exilium
410 3303 565 3378 pauloque
580 3300 782 3376 propinquius
798 3303 880 3372 opto,

193 3383 311 3460 Quique
327 3386 366 3446 sit
380 3401 398 3446 a
413 3400 509 3446 soevo
524 3385 643 3460 longius
658 3384 757 3460 hoste,
778 3383 888 3447 locum.
1004 3423 1011 3434 -.

148 3466 308 3542 Tantaque
323 3470 353 3529 in
369 3471 511 3545 Augusto
528 3467 695 3544 clementia,
719 3466 746 3528 si
763 3466 832 3541 quis
848 3461 885 3521 ab
900 3460 952 3518 illo

109 3566 196 3612 ovru.
219 3549 270 3610 111.
863 3551 879 3602 5
