2520 4008
464 220 508 293 II,
532 216 567 294 7,
589 219 708 298 58-8,
729 219 780 286 lo.

199 373 254 436 list
269 370 402 448 aliquid,
420 379 561 447 spectare
576 371 653 434 deos
669 380 700 434 et
713 371 826 436 adesse
843 386 958 456 putare,

106 482 112 496 ·
148 468 186 523 10
239 457 277 518 Et
293 456 383 531 quasi
398 469 467 514 eum
481 471 555 516 vero
570 455 694 516 numine
708 471 805 531 posse
818 461 913 536 loqui.

198 547 248 603 An
262 538 387 600 tandem
400 537 494 614 redii,
510 553 568 598 nea
582 553 632 597 me
649 545 732 598 tenet
746 540 852 602 ultima
864 545 964 620 tellus,

241 623 342 698 thue
355 622 457 698 prius,
472 620 575 681 media
588 637 701 697 sospes
716 621 747 682 in
761 623 843 685 Urbe
858 635 982 688 morari

202 707 370 769 Caesareos
384 704 477 766 video
493 705 611 780 vultus,
626 705 710 766 velut
723 711 793 766 ante
806 709 965 769 videbam

242 790 304 848 Vix
317 787 407 850 huius
421 788 485 849 voti
501 803 574 864 spes
588 787 645 850 luit
656 789 719 849 nlla
732 789 814 851 mihi.

12 957 14 964 y
123 905 125 910 ·
151 881 186 935 15
200 873 301 949 thue
316 870 487 932 salutabam
505 887 617 933 numen
635 875 782 950 caeleste,
798 875 907 938 saluto.

244 955 332 1031 Quod
347 955 452 1016 reduci
466 953 599 1028 tribuas,
615 955 673 1030 nil,
688 963 779 1033 puto,
794 960 894 1020 maius
908 957 1014 1021 habes.

206 1040 285 1115 Quid
299 1039 414 1100 nostris
431 1038 529 1101 oeulis
543 1038 604 1100 nisi
619 1040 687 1100 sola
700 1037 815 1102 Palatia
829 1043 960 1106 desunt!

245 1123 299 1198 Qui
314 1126 417 1198 loeus,
434 1120 535 1184 ablato
552 1123 698 1197 caesare,
714 1123 784 1185 vilis
799 1125 866 1186 erit.
996 1167 998 1172 s

201 1207 289 1268 Hune
305 1222 363 1282 ego
384 1222 452 1268 aum
468 1213 620 1282 spectem,
633 1204 752 1269 ‘videor
765 1208 839 1268 mihi
853 1224 979 1272 cernere
992 1211 1130 1273 Romam.

151 1302 188 1356 πο
242 1290 317 1349 Nam
332 1291 451 1366 patriae
466 1291 576 1352 laniem
591 1289 721 1352 sustinet
734 1290 785 1352 illa
800 1307 885 1353 suae.

200 1373 314 1450 latior,
330 1389 369 1434 an
384 1374 452 1434 irati
466 1374 539 1435 mihi
555 1375 670 1435 suntin
684 1373 816 1449 imagine
832 1377 944 1451 vultus,

242 1457 403 1534 larvaque
418 1458 524 1520 neseio
541 1455 616 1533 quid
631 1457 730 1517 iorrna
743 1458 885 1520 minantis
900 1459 1013 1521 habeto

200 1539 310 1617 Parae,
325 1541 373 1601 vir
387 1542 526 1603 inmenso
542 1541 639 1602 maior
653 1539 815 1603 virtutibus
835 1542 919 1617 orbe,

243 1626 388 1702 iustaque
402 1624 555 1686 vindictae
570 1624 728 1702 supprime
745 1625 812 1686 lora
826 1632 904 1688 tuae.

148 1713 185 1770 25
198 1705 308 1784 Parce,
323 1722 451 1785 precor,
466 1708 561 1770 saecli
579 1709 676 1769 decus
696 1707 860 1769 indelebile
874 1711 979 1785 nostri,
1095 1719 1099 1728 '
1207 1721 1214 1733 ‘

243 1794 403 1855 Terrarum
419 1793 573 1854 dominum
590 1807 680 1868 quem
699 1807 755 1853 sua
769 1806 843 1853 eura
857 1792 938 1854 facit.

95 1901 97 1904 ·
201 1875 259 1936 Per
272 1877 390 1952 patriae
404 1891 531 1952 nomen,
548 1891 627 1952 quae
641 1882 672 1937 te
684 1873 738 1940 tibi
754 1875 855 1936 carior
869 1875 940 1952 ipso
958 1884 1013 1954 est,

244 1959 302 2020 Per
317 1975 483 2038 numquam
498 1960 611 2022 surdos
626 1961 657 2020 in
672 1966 724 2021 tua
743 1966 816 2021 vota
831 1959 918 2034 deos,

202 2044 321 2120 Perque
338 2045 396 2105 tori
411 2045 541 2121 sociam,
558 2058 638 2122 quae
652 2059 709 2120 par
722 2042 775 2104 tibi
795 2043 863 2104 sola
876 2050 998 2120 reperta
1012 2049 1067 2118 est,

151 2129 188 2184 30
243 2127 281 2187 Et
296 2127 344 2188 eui
359 2129 503 2189 maiestas
520 2143 583 2188 non
601 2141 736 2188 onerosa
748 2133 802 2188 tua
821 2132 884 2187 asta

202 2209 321 2286 Perque
335 2211 389 2272 tibi
404 2211 532 2272 similem
545 2211 666 2273 virtutis
680 2210 811 2285 imagine
826 2217 939 2284 natum,

244 2293 382 2358 Moribus
397 2294 547 2370 adgnosci
563 2294 614 2371 qui
629 2302 699 2358 tuus
716 2307 788 2354 asse
800 2300 914 2370 potest,

202 2378 322 2454 Perque
335 2384 423 2453 tuos,
438 2379 487 2438 vel
503 2393 562 2440 avo
579 2378 704 2454 dignos,
720 2376 768 2437 vel
784 2383 872 2453 patre
886 2383 1026 2454 nepotes,

248 2461 304 2535 uui
319 2463 444 2522 veniunt
458 2478 568 2538 magno
584 2477 639 2538 per
652 2469 704 2523 tua
717 2461 805 2524 iussa
818 2462 929 2536 gradu:
1058 2467 1060 2472 ’

157 2552 192 2607 35
205 2545 293 2605 Parte
307 2544 377 2605 leva
390 2545 513 2606 minima
527 2552 650 2607 nostras
663 2551 693 2605 et
702 2544 855 2606 'contrahe
869 2559 997 2620 poenae,

244 2629 368 2706 Daque,
383 2632 491 2706 proenl
507 2628 653 2708 Scythico
670 2628 722 2706 qui
737 2628 776 2688 sit
790 2627 829 2686 ab
843 2626 949 2702 hoste,
964 2629 1071 2690 larun

204 2712 242 2774 Et
254 2719 322 2785 tua,
338 2714 364 2772 si
378 2714 427 2774 ias
442 2719 489 2774 est
495 2729 538 2786 ‚ra
557 2713 689 2774 Caesare
703 2711 843 2787 proxime
858 2709 981 2785 Caesar,

245 2797 376 2857 Numina
390 2797 451 2858 sint
464 2797 607 2874 precibus
621 2811 683 2857 non
698 2792 821 2855 inimica
835 2794 921 2856 meis.

206 2877 257 2938 Sia
271 2879 338 2940 iera
353 2880 575 2957 quamprimum
589 2879 704 2958 pavido
716 2879 879 2940 Germania
898 2877 984 2938 vultu
1073 2957 1075 2964 A

154 2971 189 3024 40
246 2963 326 3024 Ante
343 2963 557 3041 triumphantis
573 2979 663 3026 serva
678 2963 792 3024 feratur
806 2975 923 3038 equosr

206 3045 258 3106 Sia
273 3053 360 3122 pater
373 3047 404 3108 in
418 3047 539 3127 Pylios,
556 3049 705 3110 Cumaeos
720 3045 863 3108 materia
878 3059 976 3106 annos

246 3129 378 3208 Vivant,
393 3138 425 3193 at
437 3133 543 3208 possis
558 3133 639 3194 filius
655 3147 726 3193 esse
743 3129 806 3191 diu.

205 3209 249 3273 Tu
264 3229 405 3291 quoque,
422 3216 608 3278 eonveniens
623 3215 737 3294 ingenti
750 3217 846 3291 nupta
860 3213 978 3285 marito,

247 3297 365 3376 Accipe
379 3315 442 3361 non
458 3301 535 3360 dura
550 3301 698 3378 supplicis
717 3315 790 3360 aure
805 3311 925 3374 preces.

50 3415 53 3426 2
153 3386 189 3442 la
205 3379 256 3441 Sic
270 3381 323 3444 tibi
338 3384 386 3442 vir
400 3399 530 3460 sospeS,
547 3384 592 3444 sia
607 3385 668 3444 sint
684 3398 753 3444 curn
771 3382 859 3458 prole
873 3387 1011 3454 nepotes,

250 3466 386 3543 cunque
400 3469 491 3529 bonis
509 3467 635 3528 nuribus
654 3467 737 3544 quad
752 3477 902 3542 peperere
921 3475 1026 3522 nurus.

1253 3537 1255 3687 l
