2520 4012
156 223 196 308 aa
553 237 780 297 narsetum

131 387 135 392 ’
238 392 310 454 (ium
325 391 461 451 traheret
473 389 567 450 silvas
584 388 725 463 Orpheus
741 395 770 447 et
785 387 862 447 dura
878 397 1019 450 canendo
1061 431 1064 438 ι

280 473 434 550 sanabis
451 473 565 532 amissa
581 473 712 546 coniuge
728 477 863 532 maestus
879 478 953 531 erat.

235 557 286 620 Me
301 573 426 633 quoque
440 556 530 617 Musa
544 557 626 615 levat
639 555 726 614 Ponti
740 555 832 615 loca¹
824 569 911 614 russa
927 559 1097 618 tenentem

187 655 222 708 ιο
278 641 351 702 Sola
368 656 472 701 comes
486 646 610 700 nostrae
625 637 757 712 perstitit
770 625 822 697 illa
836 639 942 712 fugae

239 725 311 787 Sola
325 739 383 784 nee
397 723 535 796 insidias,
551 736 608 780 nec
622 721 687 794 iter,
703 737 761 780 nec
774 721 902 781 Thracia
916 724 985 796 tela,

277 810 340 870 Nec
354 823 446 881 mare,
459 821 519 865 nee
533 809 644 864 ventos
661 802 895 880 barbariemque
909 806 1002 865 limet.

239 893 303 954 Scit
319 899 452 966 quoque,
469 887 637 963 comperii,
655 887 725 963 quis
740 903 789 947 me
804 888 961 962 deceperit
975 903 1068 965 error,

277 975 314 1035 Et
329 975 449 1047 eulpam
464 973 494 1032 in
510 973 599 1046 lacto,
615 987 677 1031 non
692 971 804 1045 sceluS,
820 985 892 1031 esse
906 987 986 1034 meo.

187 1072 222 1126 aa
239 1058 361 1120 Scilicet
375 1056 435 1117 hoc
450 1057 520 1131 ipso
535 1071 617 1116 nunc
632 1069 741 1130 aequa,
759 1055 844 1130 quod
858 1056 955 1117 obluit
969 1063 1048 1134 ante,

280 1142 353 1202 cum
367 1155 486 1200 mecum
505 1139 640 1200 adiuncti
655 1140 789 1216 criminis
805 1147 874 1200 acta
887 1157 941 1200 rea
956 1148 1012 1201 est.

238 1225 304 1286 Non
320 1224 464 1300 equidem
478 1225 596 1298 vellem,
613 1209 757 1320 quoniam
771 1224 911 1284 nocitura
924 1227 1056 1300 fuorunt,

133 1367 135 1370 .
279 1309 433 1369 Pieridum
454 1307 551 1368 sacris
567 1307 745 1382 inposuisse
759 1323 891 1368 manum

241 1393 305 1454 Sed
319 1405 399 1452 nunc
415 1392 490 1466 quid
504 1392 635 1452 laciamt
654 1391 702 1450 vis
717 1398 793 1451 met
780 1393 884 1451 t'enel
876 1407 946 1466 lpse
961 1407 1112 1467 sororum,

187 1487 223 1542 3⁰
276 1477 315 1536 Et
330 1489 450 1535 carmen
467 1475 593 1534 demens
609 1476 742 1534 carmine
756 1477 860 1535 laesus
875 1491 955 1536 arno.

238 1560 290 1620 Sic
304 1575 385 1621 nova
398 1558 538 1619 Dulichio
554 1559 597 1620 lot
585 1566 635 1620 tos
651 1566 772 1633 gustata
786 1559 889 1634 palato

278 1645 343 1718 Illo,
359 1659 421 1718 quo
436 1643 549 1717 nocuit,
564 1648 652 1718 grata
665 1658 778 1717 sapore
793 1643 882 1702 luit·

238 1726 335 1788 Sentit
349 1742 456 1787 amans
472 1743 530 1786 sua
545 1727 657 1786 damna
672 1727 745 1786 lere
767 1732 868 1786 tamen
883 1726 1012 1788 haeret
1004 1743 1034 1786 ιιι
1049 1725 1119 1811 illis,

278 1810 435 1871 Materiam
451 1812 560 1885 eulpae
576 1811 834 1907 persequiturque
849 1823 934 1870 suae

187 1899 221 1958 35
234 1894 297 1955 Nos
314 1910 438 1969 quoque
453 1894 613 1967 delectant,
629 1894 769 1970 quamvis
785 1909 927 1969 nocuere,
943 1892 1050 1954 libelli

279 1978 430 2052 Quodque
443 1977 516 2036 milri
530 1978 623 2037 telum
637 1979 764 2037 vulnera
779 1977 857 2052 iecit„
875 1992 954 2037 amo.
990 2012 996 2025 ·

236 2062 375 2122 Forsitan
390 2061 450 2121 hoc
465 2062 600 2122 studium
615 2061 715 2136 possit
729 2061 813 2121 luror
828 2075 900 2120 esse
913 2060 1027 2120 videris

279 2144 341 2205 Sed
358 2144 503 2220 quiddam
518 2143 602 2205 iuror
616 2145 665 2206 hio
680 2145 813 2206 utilitatis
828 2144 930 2204 habet.

238 2227 366 2304 Semper
379 2229 410 2287 in
427 2228 534 2289 obtutu
546 2237 678 2288 mentem
691 2236 772 2291 vetat
786 2243 859 2290 esse
872 2230 1029 2300 malorum,

188 2321 223 2376 to
276 2311 451 2382 Praesentis
468 2323 560 2374 casus
576 2313 837 2388 inmemoremque
852 2311 933 2371 lacit.

237 2395 338 2471 thue
354 2411 442 2454 suum
457 2395 579 2456 Bacche
595 2413 655 2457 non
671 2397 763 2456 sentit
776 2395 881 2456 saucia
895 2397 1017 2471 vulnus,

277 2479 357 2539 Dum
371 2485 474 2553 stupet
487 2479 603 2540 Edonis
619 2481 774 2544 exululata
788 2480 876 2554 iugis,

226 2561 289 2624 Sic
304 2561 357 2623 ubi
372 2567 454 2623 mota
468 2564 568 2624 calent
580 2565 669 2624 viridi
683 2579 752 2626 mea
766 2570 894 2640 pectora
910 2563 1027 2642 thyrso,

278 2647 378 2715 Altior
392 2646 526 2707 humano
542 2649 668 2723 spiritus
682 2650 734 2708 ille
748 2651 828 2709 malo
844 2651 902 2708 est

187 2739 221 2793 45
235 2729 289 2790 lile
304 2745 361 2790 nec
377 2731 499 2790 exilium
502 2730 662 2809 ,Scythici
677 2747 735 2792 nac
749 2733 839 2792 litora
851 2731 946 2807 ponti,

279 2814 334 2873 lile
348 2829 407 2874 nec
420 2815 516 2876 iratos
531 2818 623 2876 sentit
635 2815 750 2876 habere
766 2817 853 2876 deos

237 2897 341 2971 thue
356 2899 548 2974 soporiferae
563 2901 699 2960 biberem
714 2901 741 2960 si
754 2901 868 2975 pocula
881 2897 1002 2972 Lethes,
1087 2903 1089 2908 ’

278 2981 437 3056 Temporis
453 2982 616 3043 adversi
592 2999 637 3044 src
652 2984 725 3044 mihi
741 2999 853 3044 sensus
869 2982 965 3044 abest.

237 3063 306 3124 Iure
321 3065 395 3126 deas
411 3065 500 3140 igitur
514 3081 646 3129 veneror
659 3069 740 3128 mala
754 3074 861 3128 nostra
874 3067 1021 3139 lavantes,

186 3159 224 3214 ab
279 3146 434 3208 Sollicitae
450 3149 576 3212 comites
592 3166 631 3211 ex
644 3151 794 3214 Helicone
809 3153 909 3226 lugeo,

235 3231 275 3294 Et
288 3233 397 3306 partim
414 3234 525 3308 pelago
540 3235 650 3309 partim
665 3236 796 3311 vestigia
810 3243 891 3296 terra

277 3316 338 3374 Vel
351 3324 417 3376 rate
433 3317 574 3390 dignatas
589 3321 638 3378 vel
654 3319 735 3394 pede
749 3325 856 3380 nostra
869 3315 970 3392 sequi.

237 3397 313 3471 Sint,
330 3413 450 3473 precor,
465 3399 525 3458 hae
540 3399 648 3462 sallem
664 3403 769 3462 faciles
785 3402 868 3462 mihi.
896 3413 1032 3475 namque
1045 3397 1179 3460 deorum
1253 3447 1254 3464 ι

278 3482 386 3542 celera
402 3497 471 3542 cunr
486 3497 597 3558 magno
615 3485 746 3546 Caesare
760 3486 850 3546 turba
864 3485 946 3560 iacit,
