2524 4004
141 236 203 306 178
536 231 767 310 Euromo

266 387 325 466 Qui
339 401 460 450 monum
473 385 572 448 valles
587 401 727 460 rumore,
742 385 865 466 primus
876 399 956 451 eras

204 474 319 549 Nune,
336 471 409 548 quia
421 470 573 534 oonlraxn
583 473 701 534 vultum
713 469 860 546 Fortuna
875 467 1007 542 raaudio.

260 556 391 623 Auxilio
402 562 570 654 postquam
584 556 648 617 sois
662 571 743 634 opus
760 568 833 616 ossa
846 561 910 616 luo.

220 639 405 704 Dissimulas
420 641 527 716 otiam,
543 655 602 700 noo
616 655 666 704 ma
680 637 731 701 vis
746 653 843 700 nosse
856 627 965 713 videri,

172 740 206 794 lo
259 724 399 804 Quisque
411 724 466 800 sn
482 721 588 786 audito
602 722 741 802 nomino,
755 721 838 783 Naso
846 737 974 798 ,.rogas

221 811 275 874 lile
288 826 348 886 ogo
364 825 449 884 sum,
466 822 654 884 quamquam
666 821 729 869 uon
742 805 792 868 vis
807 767 929 881 annito,
944 813 1065 886 volusio

259 893 362 954 Poeno
380 907 457 968 puer
470 905 568 968 puero
582 891 703 956 umatus
719 890 866 952 amicilia!

218 978 273 1039 llio
287 992 363 1053 ago,
381 975 433 1051 qui
448 974 566 1052 primus
580 981 633 1037 lua
646 974 729 1037 soria
742 989 840 1037 nosse
854 974 1002 1050 solebam,

261 1061 318 1136 Qui
331 1059 386 1121 libi
401 1057 543 1122 iooundis
559 1057 674 1134 primus
690 1057 806 1130 adosse
818 1057 912 1131 ioois=

172 1167 205 1218 15
219 1145 273 1206 illo
288 1159 347 1220 ego
362 1142 521 1204 convictor
535 1141 697 1218 densoque
711 1141 900 1206 domesticus
914 1158 982 1219 usu,

260 1229 315 1289 ille
329 1242 387 1304 ego
402 1225 523 1288 iudiciis
537 1226 629 1302 unioa
641 1226 732 1288 illusa
743 1226 823 1290 tuisl

219 1313 304 1375 Idem
318 1325 378 1390 ogo
392 1326 478 1388 sum,
493 1311 545 1388 qui
560 1325 694 1372 nunofan
709 1310 826 1387 vivam,
840 1309 975 1388 perfluo,
991 1311 1109 1388 nescis,

261 1395 341 1458 Cura
353 1394 410 1457 tibi
423 1395 463 1456 do
479 1409 541 1470 quo
556 1409 705 1470 quaerere
718 1395 803 1456 nulla
816 1393 884 1456 fuit,

220 1479 293 1542 Sive
308 1481 351 1541 fui
366 1493 533 1555 numquam
547 1493 653 1554 sarua,
668 1478 833 1542 simulasse
846 1478 966 1542 laterior

168 1577 205 1633 ιο
261 1562 324 1626 sau
337 1578 400 1624 non
413 1561 570 1638 fingebas,
584 1563 743 1625 inveniare
756 1562 845 1624 lovis.

216 1648 279 1710 Aul
292 1662 366 1724 ago,
381 1645 431 1706 dio
444 1645 593 1723 aliquam,
610 1661 690 1722 quae
703 1653 735 1708 to
748 1646 923 1722 mutaverit,
938 1647 1028 1708 iram=

257 1729 333 1792 Nam
347 1729 407 1791 nisi
420 1729 502 1794 iusto
514 1737 642 1806 tuaest,
656 1731 738 1794 iusta
752 1731 890 1808 querella
902 1745 971 1791 moa
985 1737 1043 1792 asu

217 1814 302 1890 Quae
320 1821 350 1876 te
365 1813 554 1876 consimilem
567 1829 619 1884 ros
634 1829 716 1878 nuno
729 1821 814 1877 volut
826 1829 899 1878 osso
912 1813 1028 1890 prioris

256 1899 306 1960 An
320 1899 451 1976 crimen,
468 1898 557 1978 ooopi
572 1898 658 1974 quod
672 1899 765 1960 misor
779 1913 865 1974 osse,
879 1903 998 1960 vooasl

166 1997 201 2051 ao
217 1981 249 2043 si
263 1982 337 2044 milo
350 1982 451 2046 robus·
460 1997 552 2061 opem
566 1983 680 2046 nullam
693 1982 845 2060 lactisque
859 1979 991 2056 ferebas,

259 2067 405 2130 venissel
417 2067 521 2129 vorbis
537 2067 643 2128 charta
656 2073 761 2130 nolula
774 2067 882 2138 tribus.

216 2151 279 2211 Vix
293 2145 440 2229 eqrridom
454 2151 565 2225 arado,
581 2150 639 2212 sed
653 2158 684 2212 al
696 2151 842 2214 insultare
856 2149 966 2212 iaoonli

253 2233 295 2296 To
309 2235 397 2310 mihi,
413 2251 471 2298 noo
485 2232 590 2297 verbis
604 2250 733 2312 paruere
747 2235 829 2298 lama
842 2233 944 2296 roiam

216 2317 296 2392 Quid
309 2319 401 2396 lauis,
417 2326 450 2380 al
470 2319 622 2387 demenso
638 2334 707 2396 our,
727 2319 754 2380 si
769 2319 890 2380 fortuna
903 2316 1037 2395 rosodal,

164 2407 201 2463 3⁰
253 2401 419 2479 Naufragio
433 2403 576 2464 luorimas
590 2403 684 2481 eripis
699 2402 768 2480 ipso
782 2407 857 2466 ιιιοι

214 2485 299 2546 Haeo
314 2486 373 2546 dea
387 2502 449 2549 non
463 2485 564 2548 stabili
571 2503 689 2563 ,quam
704 2486 849 2561 sitieris,
865 2483 1074 2561 orbolululur,

255 2569 350 2644 Quom
365 2585 514 2632 summum
529 2569 623 2633 dubio
638 2570 697 2634 sub
712 2571 793 2648 podo
808 2585 930 2647 semper
944 2569 1045 2643 hobal

214 2651 355 2727 Quolibet
368 2661 417 2716 ost
430 2654 504 2716 lolio
518 2661 548 2716 ol
563 2655 673 2732 quavis
688 2655 831 2717 inoorlior
842 2671 925 2721 aura

250 2735 309 2798 Pur
326 2739 369 2800 illi
383 2739 507 2814 leuitas,
528 2739 683 2817 improbe,
700 2740 770 2804 sola
782 2747 835 2802 luu
849 2747 906 2800 est.

162 2834 197 2890 35
213 2818 321 2883 Omnia
336 2830 406 2886 sum
419 2822 575 2889 hominum
588 2825 672 2888 tenui
687 2824 854 2902 pendentia
867 2823 929 2898 iiio,

252 2904 290 2966 m
305 2907 405 2970 subioo
424 2922 500 2970 cusu
514 2923 596 2984 quaa
609 2909 750 2984 valuero,
764 2915 865 2971 ruunt.

212 2987 320 3048 Divitis
334 2990 439 3052 andiu
451 2997 501 3051 osl
513 2991 563 3054 oui
577 3006 640 3055 non
655 2992 811 3068 opulentia
826 2991 953 3053 moesia

251 3069 369 3150 Nempe
382 3080 482 3135 lamen
497 3075 590 3136 vitam
604 3083 712 3152 eaptus
727 3075 767 3138 ab
781 3076 871 3137 hoste
884 3074 959 3135 tulit.

211 3154 266 3216 illo
280 3153 448 3233 Syracosia
461 3159 554 3222 modo
569 3159 773 3232 formidatus
764 3158 886 3222 morbo

160 3247 197 3302 lo
250 3238 312 3301 Vix
327 3241 431 3304 humili
446 3241 553 3306 durum
567 3243 702 3322 reppulit
714 3251 779 3305 arto
793 3244 915 3306 lumem.

208 3321 287 3398 onio
300 3325 398 3387 luerat
410 3325 523 3402 magno
537 3327 658 3400 malosi
684 3334 786 3390 muron
800 3325 851 3388 illo
865 3322 987 3402 rogavit

248 3404 419 3470 Summissa
433 3409 554 3485 rugiens
569 3423 648 3471 voca
662 3411 781 3474 olionlis
796 3425 898 3488 opum

157 3523 196 3535 -
210 3489 328 3569 cuique
341 3493 407 3555 viro
421 3500 466 3554 lot
465 3508 503 3554 os
518 3501 665 3554 larrarum
680 3495 780 3572 paruit
794 3493 888 3570 orbis,
