2454 4004
483 230 540 306 VI,
562 228 741 292 ele—594.
1053 234 1113 298 331

184 385 257 458 lpsa
277 382 401 458 quidem
417 384 530 444 iecisse
546 391 652 458 negat,
669 385 725 444 sed
740 385 821 444 fama
836 387 961 460 recepit.

224 465 292 524 Hoc
309 474 371 538 est,
387 463 442 525 cur
455 466 527 526 odio
543 467 582 526 sit
596 468 648 527 libi
668 483 760 528 serva
774 485 892 528 manus.

156 567 158 570 ·
183 550 250 609 Non
264 556 364 608 tamen
380 549 460 608 hanc
475 563 531 624 pro
547 551 643 626 stirpe
658 568 716 610 sua
731 551 782 626 pio
796 558 893 610 mater
907 553 1023 612 adoret.

115 640 169 697 560
224 633 297 707 Ipsa
312 649 418 708 parurn
435 633 508 692 felix
525 633 704 712 visatiuisse
718 649 840 709 parens.

181 717 316 777 Alterius
333 718 449 792 prolem
465 717 573 777 melius
589 717 772 778 mandabitis
786 719 840 777 illi.

223 801 331 860 Utilior
344 799 484 874 Baccho,
501 817 592 874 quam
607 801 662 862 iuil
676 802 746 876 ipsa
762 801 837 860 suis.

181 883 268 942 Hanc
281 884 349 958 tibi,
369 882 447 957 ‘Quo
464 889 647 959 properest’
669 891 838 944 memorant
858 885 991 960 dixisse,
1007 885 1097 948 Rutili

223 968 317 1027 ‘Luce
336 981 404 1026 mea
417 968 521 1026 Marso
537 969 643 1028 consul
659 968 697 1028 ab
713 968 803 1027 hoste
818 970 934 1029 cades?

115 1054 167 1108 565
179 1049 288 1109 Exitus
306 1051 439 1110 accessit
453 1051 566 1110 verbis.
597 1051 774 1126 flumenque
788 1053 895 1111 Toleni
926 1046 929 1050 ’

221 1131 411 1207 Purpureum
426 1134 530 1193 mixtis
546 1135 696 1208 sanguine
710 1135 799 1194 fluxit
813 1136 912 1210 aquis.

179 1215 341 1276 Proximus
356 1232 454 1276 annus
475 1221 555 1274 eret=
583 1217 750 1276 Pallantide
766 1232 877 1278 caesus
893 1219 1001 1278 eadem

221 1299 329 1358 Didius
345 1299 471 1360 hostiles
483 1298 684 1372 ingeminavit
699 1315 787 1373 opes.

178 1384 245 1443 Lux
261 1382 385 1458 eadem,
399 1383 548 1454 Fortuna,
564 1389 695 1454 tuaest,
712 1389 895 1456 auctorque,
910 1385 1070 1459 locusque.

113 1477 165 1534 570
222 1465 284 1526 Sed
299 1466 513 1540 superiniectis
533 1467 601 1540 quis
617 1467 690 1526 latet
704 1466 762 1532 iste
776 1465 880 1538 togisr

179 1547 305 1609 Servius
321 1556 375 1610 εει.
406 1551 465 1609 iam
482 1557 603 1610 constat
616 1550 706 1610 enim.
736 1549 799 1608 Sed
819 1565 914 1608 causa
927 1551 1041 1609 latendi

220 1634 397 1709 discrepat,
413 1640 443 1693 et
456 1633 581 1693 dubium
595 1648 644 1691 me
659 1648 785 1708 quoque
800 1633 909 1692 mentis
924 1633 1026 1692 habet.

177 1717 256 1778 Dum
271 1717 330 1776 dea
345 1717 473 1777 furtivos
488 1716 592 1776 timide
608 1717 768 1791 profitetur
781 1731 911 1790 amores,
926 1773 939 1788 χ

220 1800 452 1877 caelestemque
466 1800 581 1859 homini
597 1801 802 1860 concubuisse
817 1800 950 1874 pudet...

112 1891 163 1948 575
177 1883 262 1944 Arsit
274 1884 355 1942 enim
370 1900 481 1959 magno
497 1892 639 1959 correpte
654 1884 796 1957 cupidine
809 1883 901 1956 regis,

222 1968 381 2042 Caecaque
395 1969 425 2027 in
440 1967 500 2028 hoc
514 1985 575 2028 uno
591 1984 653 2027 non
669 1968 725 2026 luit
739 1968 790 2026 illa
804 1966 902 2026 viro...
935 1970 940 1981 ‘

178 2051 273 2111 Nocte
287 2051 410 2112 domum
426 2068 523 2126 parva
541 2052 631 2112 solita
646 2058 692 2110 est
707 2052 818 2112 intrare
834 2050 984 2109 fenestra:

181 2127 184 2148 '
220 2134 308 2194 Unde
321 2134 512 2195 Fenestellae
531 2136 654 2195 nomina
668 2141 757 2210 porto
770 2139 863 2193 tenet.

179 2218 266 2277 Nunc
280 2216 391 2293 pudet,
408 2226 438 2278 ει
451 2218 554 2278 voltus
570 2219 720 2278 velamine
732 2217 810 2277 celat
824 2223 951 2290 amatos,

115 2315 167 2369 580
226 2299 348 2375 Oraque
363 2309 434 2362 sunt
449 2305 542 2362 mulla
562 2303 646 2376 regie
660 2309 740 2361 tecta
754 2307 836 2376 toga.

180 2385 229 2443 An
245 2385 341 2458 magis
357 2392 405 2445 est
419 2401 539 2458 verum,
555 2394 627 2459 post
639 2386 716 2444 Tulli
732 2386 839 2444 lunera
853 2382 974 2458 plebem
1076 2413 1078 2418 ·

220 2467 383 2528 Confusam
401 2469 513 2543 placidi
529 2475 626 2527 morte
641 2468 739 2528 luisse
754 2468 853 2526 senis:

177 2550 239 2608 Nec
253 2551 363 2610 modus
378 2552 459 2610 ullus
475 2557 554 2623 crat,
573 2553 733 2610 crescebat
747 2551 879 2624 imagine
894 2551 1001 2624 luctus,

218 2634 324 2693 Donec
339 2649 407 2695 eum
423 2635 533 2708 positis
550 2635 713 2695 occuluere
727 2633 830 2708 logis?

113 2723 164 2778 585
177 2717 277 2776 Tertia
292 2732 386 2776 causa
401 2717 472 2776 mihi
487 2717 587 2792 spatio
603 2717 719 2777 maiore
734 2717 873 2777 canenda
887 2724 949 2776 est:

219 2801 283 2859 Nos
298 2808 399 2860 tamen
414 2801 566 2862 adductos
581 2802 662 2860 inlus
678 2816 805 2875 agemus
820 2816 929 2873 equos,

176 2883 272 2944 Tullia
286 2884 445 2958 coniugio,
464 2884 591 2944 sceleris
605 2884 763 2956 mercede,
781 2889 906 2959 peraeto

216 2968 272 3026 His
287 2969 377 3028 solita
391 2975 439 3027 cst
454 2968 542 3027 dictis
557 2968 737 3028 extimulare
752 2967 865 3028 virum:
898 2979 903 2986 ¹

176 3048 265 3123 ‘Quid
284 3051 369 3112 iuvat
383 3067 454 3111 esse
470 3067 574 3126 pares,
591 3059 621 3111 te
636 3059 759 3112 nostrae
777 3051 873 3109 caede
888 3050 1013 3122 sororis,

109 3147 161 3202 090
216 3133 327 3209 Meque
341 3135 384 3194 lui
399 3135 516 3207 fratria,
534 3135 561 3194 si
579 3135 631 3209 pia
645 3138 706 3194 vita
721 3135 842 3208 placet?

174 3217 288 3277 Vivere
303 3219 472 3278 debuerant
486 3224 517 3277 et
530 3219 577 3276 vir
591 3233 677 3279 meus
694 3224 724 3276 et
737 3223 788 3276 tua
804 3216 946 3292 coniunx,

214 3299 247 3360 st
262 3301 375 3364 nullum
390 3301 494 3362 ausuri
509 3303 607 3362 maius
622 3318 744 3362 eramus
760 3315 851 3376 epae.

173 3383 210 3442 Et
224 3393 315 3459 eaput
330 3393 360 3445 et
373 3401 500 3460 regnum
515 3385 594 3445 lario
611 3386 713 3446 dotale
729 3383 873 3459 parentis.

214 3465 246 3526 Si
261 3469 373 3544 vires,
388 3470 413 3544 i,
430 3467 527 3528 dictas
542 3469 633 3544 exige
649 3469 729 3528 dotis
745 3474 837 3543 opes!
