2454 4004
411 235 412 239 ¹
526 225 581 302 vr,
604 221 783 285 eos-uss,
1102 225 1164 292 sss

230 378 320 438 Iussa
334 378 404 438 ioco
421 377 543 452 captiva
557 373 654 436 sedet.
683 375 858 452 conceptus
874 377 913 438 ab
928 378 980 438 ilie

274 459 400 522 Servius
421 462 540 520 acacio
556 460 674 520 semina
687 460 787 534 gentis
803 459 904 521 habet.

165 553 217 610 665
232 543 326 620 Signa
343 543 427 606 dedit
441 546 574 620 genitor,
589 551 661 605 tunc
676 559 746 603 cum
760 550 854 619 caput
867 546 938 620 igne
953 561 1083 608 corusco

273 628 418 705 Contigit,
434 630 527 706 inque
542 627 638 688 comis
652 626 815 688 flammeus
831 629 907 688 arsit
921 643 1012 705 apex.

228 713 272 772 Te
290 729 413 788 quoque
426 713 603 788 magnifica,
620 711 804 786 Concordia,
823 712 947 773 dedicat
960 714 1038 773 aede

271 795 373 872 Livia,
392 813 483 873 quam
499 811 571 856 coro
586 795 738 870 preastitit
752 796 822 872 ipsa
835 797 914 857 viro.

229 878 322 942 Disce
340 888 454 954 tomen,
469 881 597 942 veniens
613 887 712 954 aetas,
727 879 780 940 ubi
794 879 881 940 Livia
896 895 977 940 nunc
990 887 1039 942 est

165 975 218 1032 640
273 963 427 1038 Porticus
448 965 616 1024 immensae
629 969 709 1024 tecta
723 965 822 1025 fuisse
836 965 957 1025 domus.

230 1045 323 1108 Urbis
339 1065 420 1123 opus
436 1049 547 1108 domus
562 1063 623 1106 uno
636 1048 706 1122 fuit,
722 1048 917 1124 spatiumque
932 1047 1063 1124 tenebat,

223 1127 229 1137 ’
272 1131 338 1205 Quo
353 1130 478 1191 breuius
492 1133 587 1192 muris
603 1132 720 1206 oppida
735 1133 828 1192 muita
842 1138 955 1192 tenent.

228 1213 313 1274 Haec
327 1221 458 1290 aequato
473 1213 541 1274 solo
558 1220 622 1286 est,
638 1215 723 1274 nulio
738 1215 795 1276 sub
816 1216 942 1276 crimine
955 1217 1052 1292 regni,

271 1296 336 1358 Sed
351 1297 422 1372 quie
438 1297 559 1358 luxuria
573 1297 642 1356 visa
655 1310 768 1356 nocere
783 1313 862 1360 sue..
1045 1342 1048 1348 .

166 1387 217 1443 645
234 1379 383 1442 Sustinuit
396 1387 496 1442 tantas
512 1397 640 1456 operum
655 1381 834 1441 subvertere
849 1382 958 1455 moles,
1036 1401 1038 1406 ·

271 1467 389 1542 Totque
404 1479 478 1528 suus
493 1465 584 1528 heres
600 1465 730 1542 perdere
744 1465 860 1526 caesar
873 1479 962 1540 opes.

231 1547 283 1610 Sic
298 1551 398 1625 agitur
417 1565 548 1611 censura
562 1555 592 1610 et
606 1549 652 1610 sic
668 1551 810 1624 exempto
829 1557 983 1626 parentur,
1021 1560 1024 1565 ·

272 1634 345 1695 Cum
360 1633 490 1709 vindex,
507 1633 584 1694 aiios
599 1633 816 1709 quod-monet,
831 1636 901 1716 ipse
916 1631 997 1694 iecit,

443 1768 493 1832 12.
514 1769 568 1830 CN
611 1767 661 1830 13.
682 1768 708 1827 D
727 1767 862 1828 EID·N
904 1771 907 1776 ’

229 1885 318 1947 Nulla
327 1893 405 1948 nota
419 1893 468 1948 est
481 1887 623 1948 veniente
639 1886 703 1962 die,
720 1898 813 1962 quam
827 1886 941 1946 ducere
955 1888 1071 1963 possis.

164 1973 217 2030 650
272 1970 377 2031 idibus
393 1971 509 2032 Inuicto
524 1977 596 2032 sunt
610 1971 681 2031 dats
695 1971 810 2046 templa
823 1969 898 2031 invi.

226 2053 339 2115 Etiam
354 2055 560 2130 Quinquatrus
574 2055 683 2116 iubeor
697 2067 822 2114 uerrere
836 2056 982 2115 minores.

226 2168 229 2174 ι
268 2138 355 2199 Nunc
370 2139 494 2200 adeso!
512 2141 642 2216 coeptis,
658 2137 741 2200 flava
753 2138 907 2214 Minerva,
922 2139 1009 2198 meis.

100 2233 107 2240 ·
227 2221 301 2300 ‘Cur
313 2239 411 2298 vagus
426 2223 541 2284 incedit
554 2231 617 2284 tota
631 2221 744 2284 tibicen
758 2223 789 2282 in
804 2223 909 2284 Urbet

270 2305 349 2380 Quid
366 2307 424 2367 sibi
440 2321 609 2384 personae,
625 2307 700 2383 quid
714 2307 795 2368 stola
808 2309 901 2382 ionga
917 2309 1055 2368 voiuntt’

162 2397 214 2453 655
231 2387 283 2452 Sic
299 2403 367 2464 ego.
397 2391 449 2452 Sic
463 2392 567 2468 posita
580 2391 716 2452 Tritonia
731 2391 860 2469 cuspide
876 2391 968 2452 dixit=

266 2472 389 2534 Possim
403 2474 519 2536 utinam
536 2476 645 2536 doctae
660 2476 757 2536 verbo
770 2475 885 2535 referre
900 2475 994 2536 deae!

226 2555 437 2634 ‘Temporibus
452 2566 591 2620 veterum
603 2559 736 2622 tibicinis
750 2575 827 2620 usus
842 2571 969 2620 avorum

266 2640 397 2718 Magnus
414 2651 445 2704 et
458 2644 489 2704 in
501 2657 614 2719 mogno
630 2658 754 2720 semper
767 2644 886 2704 honore
901 2643 965 2705 fuit.

226 2725 482 2803 contemtionis,
498 2729 641 2790 cantabat
654 2729 729 2790 tibia
744 2727 835 2802 ludis,

159 2813 211 2868 666
268 2811 416 2871 cantabat
429 2813 555 2874 moestis
571 2813 644 2873 tibia
660 2811 826 2872 funeribus.

224 2893 330 2956 Dulcis
346 2900 412 2954 erat
426 2897 569 2956 mercede
583 2895 689 2957 iabou
708 2905 895 2973 tempusque
911 2901 1060 2970 secutum,

269 2979 356 3054 Quod
372 2978 473 3041 subito
487 2979 598 3042 Graiae
614 2981 768 3057 frangeret
781 2979 856 3042 artis
873 2993 964 3056 opus.

196 3064 198 3070 ’
224 3064 316 3124 Adde
335 3063 420 3136 quod
435 3065 561 3138 aeditis,
578 3081 721 3142 pompam
739 3066 791 3140 qui
806 3067 922 3126 funeris
937 3065 1024 3137 irent,

264 3147 409 3208 Artifices
425 3149 511 3209 solos
526 3149 660 3210 iusserat
675 3165 747 3212 esse
762 3151 879 3210 decem.

159 3235 210 3292 665
223 3230 322 3290 Exilio
338 3237 454 3293 mutant
466 3231 593 3307 Urbem,
609 3233 763 3310 Tiburque
778 3235 936 3295 recedunt.

92 3323 94 3327 ’
147 3311 162 3373 .'
265 3313 397 3374 Exilium
412 3317 547 3391 quodum
561 3313 700 3394 tempore
710 3318 803 3380 Tibur
816 3326 891 3380 erat.

225 3397 385 3472 Quaeritur
398 3398 429 3458 in
445 3416 560 3462 scaena
574 3416 652 3464 cava
664 3401 752 3476 tibia,
770 3404 926 3479 quaeritur
940 3403 1018 3463 aris:

262 3482 353 3544 Ducit
367 3499 529 3560 supremos
545 3489 655 3548 naenia
669 3489 752 3548 nulia
769 3493 865 3549 toros.
