2524 4004
60 253 63 262 ⁴
147 264 208 328 tal
544 257 602 320 EX
626 251 774 320 Pottfo

146 419 213 512 12.
270 446 516 512 normano.
610 469 612 471 ·

229 551 302 658 (luo
318 585 417 646 minus
433 583 463 644 in
478 581 593 644 nostris
608 579 744 658 ponaris,
767 579 874 657 anniae,
893 579 1013 659 libellis,

268 669 406 731 Nominis
421 667 552 729 eflicitur
565 655 748 726 condicione
761 664 815 725 tui.
880 679 882 688 ¹

224 755 284 815 Ast
298 769 357 830 ego
372 769 434 815 non
450 751 542 811 aliurn
556 747 719 828 puaellae
734 747 878 830 dignarer
891 749 1024 811 honore:

267 837 324 898 Est
337 837 449 912 aliquis
462 843 600 896 nostrum
616 833 643 893 si
657 833 751 894 modo
767 844 890 892 cumen
903 833 1013 896 honor.
1112 904 1115 908 ,

197 921 290 985 aLex
306 919 395 998 podis
412 919 518 980 officio
532 920 718 992 fortunaque
731 917 864 977 nominis
879 917 996 978 abstula

267 1006 394 1081 Quaque
408 1018 495 1064 meos
511 1002 616 1080 adeas,
638 1009 685 1061 ost
697 1000 750 1084 uia
762 1001 854 1074 uuila,
875 1001 997 1062 modos.
1070 1007 1073 1014 “

225 1088 301 1150 Nam
318 1090 411 1164 pudet
423 1081 455 1148 in
468 1087 608 1164 geminos
623 1085 665 1144 ita
680 1097 792 1146 nomen
808 1083 926 1148 findere
939 1099 1060 1161 versus,
1162 1090 1165 1100 ’

265 1173 393 1234 Desinat
405 1178 438 1232 ut
451 1172 536 1247 prior
550 1170 619 1245 hoc,
641 1167 829 1245 incipiatque
844 1167 952 1230 minor.

225 1257 264 1318 Et
277 1257 400 1333 pudeat,
423 1255 450 1316 si
465 1261 504 1330 te,
527 1270 589 1330 qua
602 1252 724 1330 syllaba
738 1259 826 1328 parte
839 1260 984 1329 moratur,

188 1351 220 1405 10
270 1339 375 1400 Artius
389 1341 540 1416 appellem
555 1337 794 1412 Tuticanumque
809 1353 927 1402 vocem.

226 1425 289 1486 Nec
304 1431 393 1500 potes
409 1425 438 1482 in
455 1436 578 1502 versum
591 1421 728 1481 Tuticani
742 1435 829 1480 more
844 1421 957 1496 venire,
992 1417 995 1422 “

267 1508 333 1568 Tiat
347 1514 380 1569 ut
394 1523 411 1566 e
424 1508 518 1582 longa
531 1506 653 1590 syllaba
667 1505 765 1580 prima
779 1500 916 1564 brevis!

226 1595 288 1652 Aut
302 1587 497 1667 producatur,
519 1602 599 1666 qaae
615 1603 695 1650 nuno
706 1589 882 1670 eorreptius
900 1585 970 1664 exit,

268 1675 306 1736 Et
320 1675 359 1736 sit
372 1681 515 1753 porrecta
529 1673 772 1750 longa-secunda
786 1687 883 1734 mora.

185 1771 218 1823 15
229 1760 284 1820 llis
300 1775 358 1834 ogo
374 1760 401 1819 si
415 1759 495 1820 vitiis
512 1759 610 1818 ausim
627 1751 822 1833 corrumpere
836 1752 957 1831 noman,

268 1843 383 1904 Ridear
397 1850 427 1902 et
440 1844 548 1903 merito
563 1849 671 1918 peetus
687 1841 802 1901 habere
817 1853 920 1916 aeger.

226 1928 310 1988 llaec
325 1926 397 1986 milri
413 1938 508 1988 causa
523 1926 579 1988 fult
594 1925 676 1986 dilati
692 1926 827 1988 muneris
842 1920 942 2000 halaa,
962 1917 964 1925 ’
1031 1945 1035 1951 ·

272 2009 1081 2084 mmmmmmff

225 2094 330 2170 Teque
345 2109 452 2154 canam
468 2110 661 2171 quacumque
673 2101 756 2155 nota.
787 2091 842 2153 tibi
859 2093 993 2154 camina
1008 2088 1134 2168 mittam,

183 2187 219 2240 fo
268 2177 369 2238 Paene
382 2179 455 2238 mihi
469 2192 566 2264 puero
583 2178 704 2253 cognito
718 2187 818 2254 paene
827 2189 917 2252 puer,

225 2260 344 2338 Perque
359 2269 403 2322 tot
416 2275 565 2324 annorum
579 2263 699 2335 seriem,
723 2267 799 2338 quot
811 2261 961 2324 habemus
974 2265 1113 2336 uterque,

266 2343 333 2405 Non
348 2343 430 2419 milri,
453 2362 545 2422 quarn
559 2347 643 2407 fratri
658 2348 759 2419 frater,
781 2350 881 2406 amate
894 2345 1004 2412 minus.
1031 2378 1033 2387 ·

225 2426 268 2487 Tu
283 2427 383 2488 bonus
397 2428 549 2505 hortator,
570 2436 603 2492 tu
617 2431 746 2514 duxque,
758 2429 924 2504 comesque
939 2426 1032 2512 finisti,¹

268 2511 341 2572 Cum
356 2527 494 2588 regerem
508 2521 613 2575 tenera
626 2515 715 2574 frena
729 2515 852 2574 novella
866 2527 967 2574 manu.
1060 2555 1063 2558 -

183 2605 217 2658 25
229 2594 330 2670 Saepe
345 2611 403 2672 ego
419 2598 539 2659 conexi
555 2598 612 2660 sub
626 2605 658 2658 te
672 2613 802 2661 censore
816 2597 952 2659 libellos:

266 2678 366 2755 Saepe
380 2680 438 2740 tibi
449 2683 605 2744 admonitu
620 2676 703 2744 foeta
712 2678 810 2743 litura
817 2695 887 2744 meo
905 2687 960 2755 est,

223 2763 353 2838 llignanr
367 2763 516 2827 Maeoniis
531 2765 704 2828 Phaeacida
720 2766 855 2828 condere
869 2765 982 2827 chartis

266 2847 339 2907 Cum
353 2854 383 2909 te
397 2849 534 2910 Pierides
549 2849 740 2926 perdocuere
753 2845 840 2912 tuae(
868 2849 869 2854 ’

224 2930 280 2989 Hie
296 2938 392 3008 tenor,
415 2932 492 2994 haec
507 2935 780 2996 viridiconeordla
795 2928 1051 3010 coeptaltuventa.

182 3021 217 3076 30
267 3013 360 3074 Venit
373 3016 414 3076 ad
428 3017 564 3079 albentes
578 3019 762 3080 inlabclacta
779 3031 895 3079 comas.

116 3149 122 3178 2
224 3095 309 3170 Quae
323 3098 382 3160 nisi
396 3106 426 3160 te
439 3110 596 3178 moveant,
620 3103 698 3165 duro
713 3101 767 3164 tibi
782 3109 909 3178 pectora
923 3102 1006 3162 ferro
1024 3175 1027 3180 Ι

252 3181 351 3258 Esse,
371 3187 420 3245 vel
435 3185 552 3247 invicto
568 3188 675 3248 clausa
689 3188 850 3250 adamante
864 3183 977 3262 putem.
1008 3223 1013 3230 -

158 3289 162 3294 ·
223 3265 286 3327 Sed
301 3268 387 3342 prius
402 3267 473 3329 huie
489 3271 590 3332 desint
603 3279 633 3332 et
646 3271 759 3334 bellum
775 3278 806 3330 et
819 3269 935 3346 frigora
948 3275 1060 3342 torrae,

262 3349 385 3412 Invisus
399 3351 490 3413 nobis
506 3371 586 3430 quae
601 3356 664 3415 duo
679 3352 795 3416 Pontus
809 3353 916 3415 habet:

180 3441 214 3496 35
224 3434 261 3496 tlt
274 3434 397 3508 tepidus
411 3433 524 3495 boreas
541 3442 570 3498 ct
584 3439 627 3498 sit
639 3437 843 3514 praefrigidus
859 3443 971 3511 auster,

261 3515 300 3575 Et
312 3517 414 3591 possit
427 3517 522 3578 latum
535 3521 657 3582 mollius
672 3536 744 3582 esse
756 3536 868 3596 meum,
