2520 4008
129 217 191 282 112
333 175 350 204 ²
433 211 634 274 1n1n1sv.
656 209 835 275 cosme.

147 373 200 434 605
209 368 282 444 Qua
297 369 354 430 sua
367 362 535 427 Penthiden
548 363 654 441 proles
668 369 717 425 est
734 363 798 428 ulta
810 363 996 444 Lycurgum,

253 452 338 515 Haeo
352 443 473 510 maneat
486 448 538 509 teli
551 454 582 508 te
597 461 722 524 quoque
735 449 829 524 plaga
843 447 928 512 novi.
972 485 974 488 -

211 535 312 610 thue
324 533 397 595 Milo
415 531 510 594 robur
520 531 667 594 diducere
681 531 779 592 fissile
791 537 933 608 temptes,

252 619 317 680 Nec
331 617 438 701 possis
458 622 565 692 captas
579 614 652 676 inde
667 615 783 676 reterre
795 630 915 677 monus.

209 693 525 777 Muneribusquetuts
540 696 690 771 laedaris,
705 705 739 760 ut
755 699 876 774 Icarus,
891 699 926 792 in
938 715 1029 776 quem
1137 719 1139 722 ·

143 793 199 850 610
254 785 358 848 Intulit
370 791 501 847 annates
516 782 601 844 ebria
614 781 703 844 turba
716 797 836 844 manus.

211 869 362 946 Quodque
376 868 484 930 dolore
497 865 583 927 necis
604 865 721 942 patriae
735 869 788 943 pia
801 865 864 930 filia
877 866 957 943 lecit,

105 1004 109 1012 s
252 950 382 1014 Vincula
396 967 453 1027 per
470 948 573 1026 laquei
587 951 637 1010 lec
654 947 708 1010 tibi
723 957 825 1025 guttur
837 957 896 1011 eat.

212 1035 436 1110 Obstructoque
451 1033 562 1095 lumem
576 1033 703 1109 patiaris
722 1033 826 1094 limine
839 1033 920 1111 tecti,

251 1119 291 1180 Ut
304 1119 404 1194 legem
415 1132 538 1196 poenae
553 1117 602 1178 cui
616 1116 701 1178 dedit
715 1117 786 1194 lpse
799 1133 924 1193 parens.
947 1120 949 1124 ’
1003 1170 1005 1175 .

145 1209 197 1267 616
210 1201 294 1263 Illius
310 1202 451 1278 exemplo
470 1201 569 1262 violes
586 1200 751 1262 stmulacre
763 1201 930 1278 Minervae,

250 1285 370 1348 Aulidis
385 1301 404 1346 o
417 1291 508 1362 portu
523 1285 575 1360 qui
588 1285 658 1346 leve
674 1285 765 1346 vertit
778 1285 844 1346 iter.

209 1369 438 1444 Naupliadaeve
451 1368 544 1430 modo
559 1383 679 1444 poenas
693 1385 751 1445 pro
768 1369 893 1431 culmino
907 1371 987 1433 lalso

253 1453 351 1514 Morte
365 1452 448 1526 luas,
464 1468 522 1513 nec
537 1458 644 1512 tenen
662 1453 814 1514 meruisse
829 1453 921 1516 iuvet.

208 1535 361 1598 Aethalon
377 1542 412 1598 ut
426 1534 489 1598 vita
504 1535 648 1610 spoliavit
663 1537 797 1598 Isindius
811 1536 938 1614 hospes,
966 1607 967 1610 Ἴ

111 1644 113 1647 ’
146 1627 199 1683 616
255 1619 351 1695 Quem
370 1635 487 1680 memor
505 1620 636 1680 asacris
651 1635 733 1680 nune
748 1635 874 1697 quoque
888 1621 975 1699 pellit
986 1622 1037 1682 10:
1064 1633 1066 1635 ’

138 1745 142 1750 ·
207 1703 309 1779 thue
322 1702 495 1764 Melanthea
507 1701 642 1763 tenebris
656 1719 676 1763 a
693 1704 789 1765 caede
803 1706 946 1768 latentem
1026 1772 1029 1774 ,

251 1786 388 1848 Prodidit
402 1787 505 1848 officio
522 1787 644 1848 luminis
660 1788 731 1864 Ipsa
745 1803 875 1864 parensa

208 1870 259 1932 Sie
274 1878 325 1931 tue
340 1869 487 1933 conlectis
508 1870 663 1932 rodlantur
680 1878 808 1948 pectora
822 1874 901 1948 telis,

134 2013 136 2016 ,
251 1953 304 2016 SIc
319 1969 431 2030 precor
448 1955 569 2016 auxiliis
584 1955 753 2032 impediare
765 1957 835 2018 tuis.

144 2045 196 2102 616
211 2037 315 2114 ouans
330 2053 429 2114 equos
443 2046 551 2115 pacto,
573 2055 651 2114 quos
667 2039 879 2116 lortisagebat
893 2039 1039 2118 lemnes,
1086 2059 1089 2062 ’
1144 2005 1147 2028 ¹
1246 2005 1247 2012 ἵ

251 2121 328 2182 Acta
339 2121 453 2200 Phrygi
471 2122 593 2197 timido,
608 2123 739 2185 noxubi
752 2124 823 2186 talis
837 2131 895 2186 eat.

193 2205 271 2280 'Nec
288 2212 321 2266 tu
337 2221 429 2281 quam
447 2207 570 2268 Rhesus
590 2223 700 2268 somno
715 2207 846 2270 meliore¹
858 2209 1010 2289 quiescas,

253 2288 349 2362 Quam
368 2289 494 2350 comites
508 2290 614 2350 Rheso
629 2296 692 2352 tum
706 2292 806 2366 necis,
821 2299 893 2354 ante
908 2293 984 2367 viae,

211 2371 306 2447 Quem
321 2386 401 2446 quos
422 2387 490 2432 cum
508 2373 620 2435 Rutulo
635 2373 724 2436 morti
737 2375 886 2438 Ramnete
901 2377 1051 2438 dederunt

146 2463 199 2523 630
254 2454 386 2531 Impiger
398 2455 582 2534 Hyrtacides
596 2457 844 2537 Hyrtacidaeque
858 2476 973 2522 comes.

210 2537 429 2614 Cliniadaeque
443 2541 536 2602 modo
549 2541 756 2606 circumdatus
776 2543 897 2620 ignibus
912 2544 986 2606 auls
1013 2600 1017 2603 ,

252 2620 394 2694 Membra
409 2624 490 2684 feras
508 2623 635 2703 Stygiae
650 2627 862 2690 semicremata
876 2629 953 2689 neei.

209 2706 311 2782 thue
324 2707 421 2767 Remo
435 2723 538 2768 muros
556 2725 633 2772 auso
649 2711 780 2772 transire
795 2719 945 2786 recentes,

250 2789 349 2852 NoxIc
363 2791 423 2852 sint
437 2791 529 2868 capiti
542 2794 657 2854 rustica
670 2795 731 2856 tela
745 2803 808 2857 tuo.

143 2879 195 2937 635
210 2873 349 2950 Denique
366 2874 550 2936 Sarmaticas
565 2877 643 2940 inter
654 2877 838 2953 Getlcasquc
852 2877 979 2955 sagittas

249 2955 305 3016 Hls
320 2972 431 3032 precor
444 2965 476 3020 ut
489 2962 578 3022 vivas
593 2968 623 3022 et
640 2962 772 3023 moriare
785 2963 872 3026 locis.
1033 3033 1035 3036 ,

210 3040 295 3100 Ilaec
307 3039 363 3099 tihi
376 3043 525 3120 tantisper
539 3044 639 3108 subito
655 3046 715 3106 sint
728 3047 826 3108 mIssa
840 3047 952 3120 libello,

252 3123 440 3204 Inmemores
454 3143 494 3188 ne
508 3144 566 3190 nos
582 3145 654 3190 esse
670 3145 801 3206 querare
820 3131 874 3192 tui.

208 3204 310 3268 Pauca
324 3209 460 3286 quidem,
477 3213 584 3275 fateor.
622 3212 679 3275 sed
694 3214 725 3274 di
740 3215 813 3276 dent
827 3215 916 3292 plura
929 3211 1054 3290 regello,

145 3297 199 3356 640
253 3290 512 3373 Multiphcentque
527 3314 583 3360 suo
600 3304 673 3358 vota
687 3298 794 3360 favore
807 3315 884 3362 mea.

211 3371 378 3436 Postmodo
394 3379 481 3454 plura
492 3382 592 3457 leges,
610 3389 640 3442 et
653 3397 766 3444 nomen
780 3382 925 3446 habentia
938 3393 1057 3456 vorum,

255 3457 293 3518 Et
305 3459 385 3534 pede
400 3479 460 3538 quo
476 3464 588 3525 debent
602 3465 685 3526 acria
697 3465 779 3528 bella
792 3465 868 3544 geri.
