2524 4004
485 221 528 294 ΙΙ,
548 217 726 285 322--397,

29 367 32 420 ³
114 385 168 442 cao
221 375 318 448 Inque
333 389 390 434 suo
407 379 514 433 noster
528 374 655 448 pulvere
671 383 772 435 currat
786 391 897 450 equus.

29 447 34 470 ''
171 455 346 532 ,cornipedi
359 455 465 518 Fauno
481 471 574 516 caesa
589 455 629 515 de
642 472 728 517 more
743 460 867 534 capella·

217 540 312 602 Venit
325 541 366 600 ad
381 540 509 614 exiguas
524 538 612 600 turba
627 547 736 600 vocata
750 542 857 617 dapes.
955 573 959 579 ·

180 627 322 700 Dumque
337 624 517 684 sacerdotes
533 621 658 684 veribus
672 631 809 686 transuta
826 626 953 701 salignis

220 709 301 770 Exta
313 715 438 786 parant,
453 706 572 770 medias
586 706 654 767 sole
669 715 790 768 tenente
804 709 881 783 vias,
908 783 909 788 ἵ

115 799 169 856 365
181 793 331 854 Romulus
347 799 378 852 et
391 792 483 852 irater
496 791 723 866 pastoralisque
738 791 880 854 iuventus

224 875 347 937 Solibus
363 882 393 936 et
408 890 517 950 eampo
534 890 667 949 corpora
680 876 764 936 nuda
778 877 901 936 dabant.

183 957 343 1032 caestibus
358 967 389 1020 et
402 957 509 1018 iaculis
524 966 554 1016 el
569 957 664 1018 misso
681 959 817 1035 pondere
833 961 900 1021 saxi

221 1042 372 1104 Bracchia
388 1058 444 1118 per
457 1044 544 1102 lusus
561 1042 749 1118 experienda
763 1044 890 1107 dabant:

181 1127 289 1188 Pastor
303 1126 341 1186 ab
357 1128 482 1186 excelso
498 1125 568 1184 ‘Per
582 1126 674 1186 devia
687 1143 758 1186 rura
771 1127 919 1189 iuvencos

115 1223 170 1280 370
222 1211 366 1285 Romule,
382 1210 572 1286 praedones,
588 1217 617 1268 et
630 1209 752 1270 Remet’
768 1210 844 1272 dixit
858 1216 985 1287 ‘agunt’

180 1295 319 1370 Longum
333 1302 398 1354 erat
412 1294 532 1353 armari.
561 1292 692 1354 diversis
707 1294 770 1354 exit
785 1300 913 1369 uterque

222 1378 373 1452 Partibus.
403 1393 537 1438 occursu
552 1377 668 1452 praeda
681 1385 807 1453 recepta
819 1377 917 1440 Remi.

179 1462 220 1524 Ut
233 1462 336 1538 rediit,
351 1461 475 1522 veribus
491 1461 649 1522 stridentia
663 1460 793 1521 detrahit
808 1469 887 1536 exta,
949 1482 951 1486 ·

221 1548 324 1621 Atque
339 1546 380 1606 ait
394 1545 489 1605 ‘Haec
505 1552 587 1608 certe
602 1562 664 1606 non
679 1544 739 1606 nisi
753 1547 852 1607 victor
866 1548 958 1609 edet?

113 1638 166 1695 375
181 1631 270 1690 Dicta
283 1631 369 1704 iacit,
383 1628 532 1707 Fabiique
547 1629 645 1690 simul.
675 1629 766 1689 Venit
780 1631 887 1692 inritus
903 1633 974 1694 illuc

219 1713 384 1788 Romulus,
400 1721 430 1774 et
444 1724 569 1774 mensas
585 1728 721 1788 ossaque
738 1715 820 1775 nuda
834 1715 926 1777 videt.

179 1797 271 1872 Risit,
287 1805 317 1857 et
330 1797 459 1857 indoluit
471 1797 585 1859 Fabios
601 1798 741 1872 potuisse
756 1799 947 1876 Remumque
1021 1831 1023 1838 ,

221 1882 368 1956 Vincere,
385 1880 545 1956 Quintilios
561 1898 623 1943 non
638 1883 777 1956 potuisse
792 1898 877 1944 suos.

182 1964 273 2026 Fama
287 1972 388 2024 manet
402 1965 483 2026 lacti.
512 1965 614 2041 posito
632 1966 781 2026 velamine
796 1975 927 2040 eumont,

112 2051 167 2109 38⁰
219 2048 259 2108 Iit
271 2064 437 2108 memorem
453 2049 564 2109 lamam
579 2051 663 2124 quod
678 2049 756 2110 bene
772 2051 880 2124 cessit,
902 2050 1004 2131 habet.

175 2130 317 2192 Forsitan
333 2140 363 2192 et
378 2148 527 2207 quaeras,
544 2149 600 2193 cur
615 2134 654 2194 sit
669 2135 756 2194 locus
771 2134 821 2192 ille
836 2133 996 2212 Lupercal,

218 2215 343 2289 Quaeve
360 2217 440 2276 diem
455 2217 507 2277 tali
520 2217 644 2282 nomine
664 2233 760 2278 causa
773 2225 881 2284 notet.¹

178 2295 273 2376 Silvia
286 2301 422 2361 Vestalis
438 2301 584 2361 caelestia
598 2299 716 2362 semina
730 2307 820 2377 partu

216 2382 378 2454 Ediderat,
395 2392 505 2460 patruo
520 2401 616 2460 regna
630 2393 752 2445 tenente
767 2402 834 2446 suo.

108 2466 207 2526 ³851s
222 2467 305 2528 iubet
319 2469 431 2528 aulerri
447 2485 560 2544 parvos
578 2477 608 2530 et
622 2469 653 2528 in
668 2483 757 2530 amne
772 2471 885 2529 necari.

218 2551 297 2625 Quid
312 2552 412 2612 facist
440 2551 562 2614 existis
578 2553 727 2614 Romulus
742 2556 818 2612 alter
833 2553 903 2612 erit!

175 2634 266 2696 Iussa
279 2643 461 2696 recusantes
475 2645 626 2712 peragunt
639 2637 802 2697 lacrimose
816 2635 955 2709 ministri,

216 2716 303 2778 Fient
316 2726 432 2791 tamen,
450 2726 481 2780 et
495 2721 635 2795 geminos
650 2721 681 2778 in
694 2721 764 2780 loca
778 2720 863 2778 iussa
879 2720 987 2778 lerunt.

173 2802 300 2874 Albula,
318 2819 409 2877 quern
423 2803 553 2864 Tiberim
568 2819 690 2864 mersus
701 2803 861 2864 Tiberinus
875 2803 905 2861 in
920 2801 1012 2862 undis
1096 2877 1098 2880 Ι

108 2895 163 2949 390
217 2886 379 2959 Reddidit,
394 2887 530 2948 hibernis
545 2889 624 2948 forte
638 2887 773 2947 tumebat
789 2887 888 2962 aquia.

172 2967 244 3043 Hic,
258 2969 311 3030 ubi
326 2967 407 3030 nune
422 2971 490 3030 iore
504 2979 591 3046 suut,
608 2972 714 3032 lintres
728 2987 832 3030 errare
847 2970 982 3046 videres,

214 3050 342 3128 Quaque
355 3054 458 3114 iacent
471 3055 584 3129 valles,
600 3055 732 3114 Maxime
745 3055 845 3131 Circe,
859 3062 941 3116 tuae.

172 3135 238 3196 Huc
254 3136 306 3196 ubi
321 3144 519 3212 venerunt‚...
534 3153 636 3216 neque
651 3139 732 3198 enim
745 3141 915 3214 procedere
931 3144 1065 3216 possunt

213 3220 380 3296 Longius...
395 3222 508 3283 exiliis
524 3239 604 3282 unus
620 3229 650 3280 ot
664 3221 739 3280 alter
754 3223 809 3282 ait:

107 3307 161 3364 393
177 3303 230 3362 ‘At
244 3319 335 3380 quam
352 3312 423 3364 sunt
438 3305 568 3366 similes!
597 3313 628 3365 al
644 3321 736 3380 quam
751 3308 907 3367 formosus
923 3309 1069 3379 uterquet

211 3386 283 3448 Plus
298 3396 399 3448 tantan
415 3389 528 3449 exiliis
544 3391 601 3450 iste
616 3390 732 3466 vigoris
746 3388 849 3450 habet.

173 3467 207 3529 Si
221 3487 319 3545 genus
335 3473 471 3548 arguitur
485 3473 582 3550 voltu,
598 3473 657 3534 nisi
674 3473 750 3535 fallit
765 3473 877 3548 imago,
