2520 4012
477 237 513 310 ll,
536 233 712 302 liam-lot.

101 395 153 452 150
206 387 357 464 Aequalis
372 386 474 448 rabies
490 389 712 464 continuusque
728 390 819 462 furor,

160 471 224 534 Sed
241 473 333 532 modo
349 471 512 532 subsidunt
526 473 751 547 intermissique
766 474 920 552 silescunt,

195 555 330 631 Vimque
344 562 434 631 putes
449 556 518 616 illos
534 555 719 630 deposuisse
735 573 837 617 suamc

164 637 216 700 Sic
234 640 348 700 abeunt
359 638 549 716 redeuntque
563 641 623 700 mci
639 641 818 715 variantque
832 641 968 723 timores,

200 722 238 784 Et
252 739 341 798 spem
355 723 498 798 placandi
514 724 650 799 dantque
664 732 836 800 negantque
849 728 902 788 tui.

102 815 150 869 155
160 805 218 866 Ρ51
233 822 365 882 superos
379 806 477 882 igitur,
501 808 552 884 qui
567 808 641 868 dant
654 807 707 868 tibi
722 809 814 884 longa
828 811 1004 892 dabuntque

197 890 356 965 Tempora,
378 891 547 952 Romanum
562 891 589 950 si
604 893 696 952 modo
713 907 822 954 nomen
838 904 953 958 amana

154 972 213 1034 Per
227 975 364 1049 patriam,
389 990 469 1049 quae
483 981 513 1035 15
526 977 591 1036 tuta
604 983 635 1034 et
649 991 758 1037 secura
773 986 899 1052 parente
913 989 983 1056 est,

205 1057 306 1133 Cuius,
328 1064 362 1117 ut
375 1058 406 1116 in
420 1059 546 1134 populo,
570 1074 642 1134 pars
657 1075 715 1134 ego
731 1077 829 1135 nuper
843 1077 939 1124 515515

158 1139 210 1200 815
225 1141 288 1216 tibi,
310 1155 400 1216 quern
416 1157 539 1218 semper
554 1143 641 1203 lactis
657 1144 821 1219 animoque
835 1148 970 1221 mereris,

96 1231 147 1285 160
200 1224 358 1284 Reddatur
371 1233 475 1300 gratae
491 1226 610 1286 debitus
626 1226 716 1288 Urbis
732 1243 832 1288 amor=

106 1372 110 1386 ,
156 1307 245 1368 Livia
260 1309 305 1368 sic
317 1316 418 1370 tecum
434 1309 566 1372 sociales
582 1312 733 1386 compleat
748 1327 856 1385 annos,

199 1391 299 1468 Quae,
320 1392 381 1453 nisi
395 1400 433 1467 te,
455 1391 537 1454 nullo
554 1394 882 1470 5551555515551511,Δ

158 1474 245 1550 Quae
258 1477 286 1536 si
300 1493 362 1537 non
378 1483 469 1551 essct,
491 1478 613 1538 caelebs
627 1484 658 1538 15
672 1479 735 1539 vita
749 1479 880 1554 deceret,

197 1559 355 1635 Nullaque,
379 1561 428 1622 cui
443 1576 556 1636 posses
572 1563 793 1636 assemanum,
813 1571 891 1624 crau

94 1651 145 1705 155
158 1641 284 1720 Sospite
298 1645 344 1704 sic
358 1650 388 1704 tc
403 1645 443 1705 sit
456 1652 545 1706 natus
561 1661 687 1722 quoque
701 1660 824 1720 sospes,
848 1654 878 1708 et
892 1649 962 1708 olim

201 1727 364 1802 Imperium
378 1736 464 1804 regat
477 1729 537 1790 hoc
552 1743 622 1790 cum
637 1729 759 1790 seniore
773 1745 883 1790 senem

157 1811 198 1872 Ut
212 1812 386 1888 faciuntque
401 1812 453 1885 tui,
477 1813 564 1874 sidus
579 1812 720 1888 iuvenile,
743 1820 881 1890 nepotes,

196 1895 254 1956 Per
267 1903 318 1956 tua
331 1911 451 1972 perque
466 1895 514 1957 sui
530 1896 610 1956 lacta
625 1898 758 1972 parentis
773 1907 858 1962 caut:

157 1977 210 2038 Sic
225 1979 349 2040 assueta
362 1979 423 2042 tuis
438 1994 561 2056 semper
574 1980 713 2040 Victoria
727 1981 836 2042 castris

92 2067 146 2124 llo
196 2063 284 2122 Nunc
299 2058 424 2139 quoque
438 2078 473 2123 se
488 2070 622 2138 praestet
636 2071 771 2139 notaque
786 2065 873 2139 signa
888 2073 977 2142 petat,

156 2147 392 2222 Ausoniumque
407 2149 516 2208 ducem
531 2147 630 2207 solitis
646 2147 843 2208 circumvolet
857 2149 922 2223 alis,

195 2229 293 2290 Ponat
307 2237 336 2291 51
350 2231 382 2289 15
396 2231 492 2291 nitida
505 2233 611 2292 laurea
625 2238 708 2292 serta
722 2247 818 2304 coma,

148 2312 207 2372 Per
222 2329 313 2388 quern
327 2313 408 2374 bella
421 2315 514 2388 geris,
535 2315 621 2376 cuius
637 2330 717 2374 nunc
732 2329 863 2390 corpore
878 2331 1006 2392 pugnae,

199 2398 382 2473 Auspicium
397 2398 517 2469 cuidas
532 2399 649 2474 grande
663 2399 804 2474 deosque
817 2406 896 2474 1555,

92 2487 145 2544 115
157 2479 351 2557 dimidioque
366 2481 408 2542 tui
422 2497 571 2557 praeseus
586 2488 616 2542 51
630 2482 760 2556 respicis
776 2483 891 2555 urbem,

193 2563 325 2625 Dimidio
339 2567 450 2642 procul
465 2579 499 2626 es
515 2581 671 2641 saevaque
687 2566 766 2626 bella
780 2567 877 2640 geris:

156 2646 214 2706 Hic
228 2647 281 2709 tibi
296 2649 343 2709 sic
357 2649 464 2711 redeat
478 2657 624 2725 superato
640 2648 737 2709 victor
750 2648 789 2708 ab
803 2650 901 2719 hoste,

194 2731 290 2809 Inque
305 2733 460 2795 coronatis
475 2735 589 2808 fulgeat
604 2733 683 2792 altus
698 2733 803 2806 equis:

155 2812 258 2886 Parce,
281 2832 401 2892 precor,
426 2818 600 2892 fulmenque
613 2823 707 2890 tuum,
728 2816 793 2875 lero
806 2815 875 2889 tela,
897 2813 1039 2888 reconde,

95 2906 146 2961 185
199 2897 264 2959 Η55
280 2901 405 2961 nimium
420 2901 534 2962 misero
549 2901 672 2975 cognita
685 2900 746 2960 tela
760 2898 844 2958 mihil
1113 2915 1116 2920 ·

109 2993 117 2999 “
152 2981 257 3055 Parce,
281 2991 369 3058 pater
382 2985 508 3060 patriae,
528 2999 585 3044 555
602 2983 733 3044 nominis
748 2983 896 3044 inmemor
909 2981 998 3042 huius

200 3065 277 3126 Olim
292 3068 436 3142 placandi
451 3084 539 3143 spem
553 3067 625 3128 mihi
640 3067 713 3128 tolle
726 3066 783 3126 tuit

153 3149 220 3208 Non
235 3163 357 3227 precor,
380 3159 414 3212 ut
427 3153 561 3212 redeam.
594 3151 734 3225 quamvis
749 3150 866 3210 maiora
881 3149 981 3225 petitis

195 3232 348 3296 Credibile
365 3242 414 3296 est
427 3251 557 3310 magnos
572 3250 668 3310 saepe
683 3233 809 3294 dedisse
823 3235 916 3294 deos=

90 3323 142 3379 185
152 3315 255 3378 Mitius
270 3319 396 3379 exilium
411 3319 439 3378 si
453 3319 510 3379 das
527 3317 718 3395 propiusque
732 3317 860 3392 roganti,

194 3399 270 3462 Pars
287 3404 344 3462 erit
357 3419 374 3462 e
389 3417 492 3479 poena
505 3417 617 3478 magua
630 3402 731 3461 levata
745 3416 823 3460 mea.

147 3483 260 3546 Ultima
275 3486 433 3562 perpetior
447 3486 566 3547 medios
584 3485 738 3562 proiectus
753 3484 784 3544 in
798 3483 915 3555 hostes,
