2520 4008
152 206 196 272 82
550 201 777 278 tetsttttttt

236 357 299 422 Nee
314 360 381 420 iore
396 361 577 455 perpetuam
592 361 696 432 sperat
710 351 789 414 sibi
783 354 915 414 miminis
931 355 1017 430 irem,

278 441 489 519 Conscius,1n
503 442 595 516 culpe
608 453 670 499 non
685 437 788 498 scetus
804 453 885 498 esse
890 454 958 508 sua.

236 525 337 604 Saepe
351 528 458 602 refert,
476 528 515 586 sit
529 528 642 601 quanta
656 519 707 582 dei
721 521 895 596 elementia,
910 521 998 582 ouius

186 621 224 677 ιο
278 609 319 672 Se
335 627 460 688 quoque
474 609 505 670 in
521 607 672 684 exemplis
690 597 892 666 adnumerare
912 606 1007 666 solet·

231 693 313 756 Nam
320 695 430 771 ,quod
446 709 523 775 opes
537 697 640 752 teneat
653 688 782 766 patrias,
800 689 885 764 quod
899 688 1025 750 nomina
1040 672 1131 762 civis,

277 775 418 854 Denique
434 778 519 875 quod
533 776 633 847 vivet,
648 789 759 834 munus
773 771 888 834 hebere
903 773 962 834 dei.

236 863 279 924 Te
292 869 409 936 tamen,
425 877 443 921 o
460 861 487 920 si
503 860 577 935 quid
592 873 625 918 er
627 858 693 918 edis
708 857 795 930 mihi,
804 857 913 918 carius
927 857 979 917 itte

278 907 450 1006 Omnibus
441 962 472 1005 m
491 949 554 1007 toto
568 950 695 1019 pectore
710 957 834 1016 semper
846 940 953 1002 habet

132 1049 133 1054 ¹
186 1037 221 1092 25
234 1029 339 1104 Teque
352 1025 581 1101 Menoetiaden,
594 1033 642 1101 te,
659 1026 710 1102 qui
726 1026 886 1086 comitatus
902 1024 1039 1100 Oresten,

277 1113 320 1174 Te
336 1119 429 1172 vocat
441 1112 582 1208 Aegiden
595 1109 825 1188 Euryalumque
840 1125 958 1171 suum.
953 1124 954 1128 ’

236 1195 300 1256 Nec
315 1197 443 1272 patriam
457 1195 555 1271 magis
570 1194 620 1253 itte
635 1209 722 1254 suam
738 1194 894 1272 desideret
907 1199 938 1254 et
953 1207 1032 1268 quae

276 1276 408 1340 Plurima
423 1295 492 1340 eum
507 1273 609 1356 patria
623 1278 715 1338 sentit
730 1265 842 1338 abesse
857 1277 925 1352 sibi,

238 1347 337 1437 Quam
349 1365 451 1424 vultus
468 1363 638 1436 oculosque
651 1367 737 1436 tuos,
755 1377 773 1420 o
787 1361 907 1421 dulcior
920 1360 972 1448 iilo
1062 1421 1063 1424 ,

188 1447 224 1504 30
278 1445 378 1522 Melle,
400 1447 508 1522 quod·
499 1463 530 1507 ιιι
546 1445 625 1508 ceris
640 1445 741 1506 Attica
755 1445 842 1521 ponit
861 1445 939 1520 apis.

239 1529 341 1606 Saepe
357 1530 447 1592 etiam
461 1544 602 1591 maerens
618 1534 738 1604 tempus
753 1529 956 1589 reminiscitur
970 1527 1053 1600 iliud,

279 1612 369 1686 Quod
383 1630 444 1674 non
459 1609 659 1689 praeventum
673 1621 771 1674 morte
786 1612 882 1672 fuisse
898 1611 995 1672 dolet:
1060 1659 1074 1667 .

238 1696 376 1772 Cumque
394 1697 445 1757 atii
460 1698 600 1772 ingerent
614 1697 734 1758 subitae
749 1697 889 1772 conmgia
904 1696 1009 1770 cladis,

191 1805 195 1814 ν
279 1779 343 1841 Nee
357 1781 470 1841 velient
484 1781 562 1842 ictae
577 1781 667 1842 limen
683 1781 768 1841 adire
783 1779 903 1854 domuc,

186 1863 222 1920 ³5
236 1864 279 1925 Te
293 1863 352 1924 sibi
367 1879 435 1924 cum
450 1865 556 1941 paucis
571 1865 706 1938 meminit
719 1865 871 1925 mansisse
885 1864 1015 1937 fidetem,

273 1946 314 2007 ‘Si
330 1963 447 2024 paucos
463 1949 574 2025 aliquis
589 1956 692 2010 tresve
707 1949 828 2010 duosve
841 1952 940 2008 vocat.

239 2030 384 2105 Quamvis
401 2033 560 2106 attonitus,
578 2025 676 2095 sensit
689 2039 791 2094 temen
806 2033 923 2105 omnia,
939 2039 1041 2094 necte

279 2112 321 2174 Se
335 2115 435 2176 minus
451 2117 592 2178 adversis
606 2117 778 2178 indoluisse
792 2117 867 2178 suis.
1028 2161 1031 2164 -
1138 2189 1140 2192 v

237 2197 342 2260 Verba
356 2201 434 2260 solet
448 2201 625 2276 vultumque
639 2208 722 2264 tuum
736 2201 929 2276 gemitusque
942 2199 1065 2275 referre,

125 2335 127 2342 .
187 2291 224 2346 to
276 2281 358 2343 Ette
373 2283 466 2344 itente
481 2299 556 2347 suos
571 2285 770 2346 demaduisse
785 2285 885 2344 sinusr
959 2315 969 2324 ‚.

239 2363 336 2438 Quam
351 2366 409 2426 sibi
424 2369 629 2444 praestiteris,
647 2385 708 2445 qua
723 2369 901 2430 consolatus
916 2367 1046 2428 amicum

276 2447 326 2509 Sis
343 2465 417 2526 ope,
435 2451 584 2512 solandus
600 2468 669 2514 cum
683 2453 773 2514 simut
788 2453 856 2527 ipse
871 2453 963 2513 fores.
983 2457 984 2460 ’

236 2529 295 2593 Pro
312 2533 440 2610 quibus,
457 2535 602 2610 affirmat,
619 2537 686 2596 iore
700 2551 736 2598 se
750 2550 978 2610 memoremque
993 2533 1153 2610 piumque,

281 2613 355 2681 Sive
370 2617 451 2679 diem
466 2619 577 2696 videat,
598 2621 665 2681 sive
679 2626 799 2696 tegatur
813 2619 920 2680 humez

187 2705 222 2763 ιι
236 2696 295 2760 Per
309 2709 402 2776 ceput
415 2703 485 2778 ipse
501 2719 589 2764 suum
605 2705 713 2766 solitus
729 2704 830 2765 iurare
844 2709 999 2778 tuumque,

280 2782 369 2857 Quod
384 2787 450 2846 seio
466 2801 528 2848 non
544 2787 587 2847 illi
602 2789 692 2848 vilius
708 2801 781 2848 esse
795 2803 863 2848 suo.

236 2865 355 2928 Ptenat
343 2873 389 2928 tot
402 2883 439 2928 ac
453 2869 544 2928 tantis
560 2873 707 2932 reseretur
720 2871 820 2946 gretia
834 2870 932 2943 iactis,
961 2870 962 2873 ’

279 2949 342 3010 Nec
357 2949 438 3012 sinet
451 2951 502 3012 itte
517 2958 587 3014 tuos
602 2955 672 3016 titus
689 2970 776 3016 arare
791 2954 900 3016 boves

237 3029 298 3092 Fac
312 3034 422 3109 modo,
438 3043 615 3100 constanter
629 3040 791 3116 proittgnm
806 3043 926 3098 tueare!
951 3035 1033 3112 quod
1050 3035 1112 3109 ille,

187 3122 223 3176 ιο
279 3114 336 3189 Qui
350 3116 430 3178 bene
444 3124 475 3178 te
489 3119 595 3199 novit,-
592 3141 666 3185 non
663 3127 777 3244 rogat.
813 3121 885 3197 ipsa
898 3135 1032 3234 rogo.-

172 3247 215 3356 5,
237 3249 382 3349 Annuus
380 3296 544 3352 assuetum
559 3237 700 3352 dominae
715 3291 824 3352 natatis
839 3289 990 3352 honorem

278 3369 390 3446 Exigit.
422 3373 462 3434 ite
476 3389 584 3435 manus
596 3375 637 3434 ad
650 3375 702 3450 pia
716 3391 806 3436 sacra
820 3389 918 3434 meae.

136 3533 137 3536 Ἴ
237 3451 289 3514 Sic
304 3456 461 3532 quondam
476 3457 587 3521 testum
600 3457 738 3521 Laertius
753 3463 859 3534 egerat
872 3458 965 3518 heros
