2524 4004
163 237 225 301 2³8
545 231 809 342 FASTORUM

148 459 151 465 .
248 385 376 448 Scilicet
382 403 403 446 a
416 341 539 466 tumulis
554 391 584 444 et
599 374 650 463 qui
665 385 801 462 periere,
821 343 1051 464 propinquis

179 481 232 538 620
284 470 363 530 Prot'
344 477 425 532 tmus
443 469 484 529 ad
498 469 587 530 vivos
608 483 663 528 ora
679 468 729 528 rai
727 484 794 528 erre
806 469 900 542 iuvat,

245 554 381 629 Postque
393 560 437 614 tot
453 553 585 612 amissas
601 551 749 627 quicquid
764 551 803 612 tie
818 551 968 626 sanguine
977 559 1087 626 restat,

283 638 449 712 aspicere,
464 643 493 696 et
507 635 629 710 generis
645 635 837 696 dinumerare
851 635 976 731 gratim.

245 722 371 782 innocui
386 722 517 780 veniant
548 720 656 794 procui
675 718 759 790 ltine,
775 717 905 794 procui
897 719 1009 794 impius
1025 727 1094 780 esto

137 855 138 860 ,
286 804 407 878 Frater
421 803 477 863 ct
469 819 500 862 m
517 809 623 877 partus
638 809 735 862 mater
752 802 864 862 acerba
879 817 963 874 suaa,
1028 869 1029 876 ,

182 895 234 952 625
249 888 303 948 Cui
318 895 406 964 pater
420 894 467 951 est
481 887 589 960 vivax,
605 886 657 970 qui
671 885 775 944 matris
792 885 902 960 digerit
916 900 1024 958 annos,

288 971 372 1044 Quae
386 970 496 1048 premit
510 970 643 1030 invisam
662 985 770 1032 socrus
786 969 892 1045 iniqua
906 985 1024 1030 numm.

246 1055 423 1118 Tantalidae
437 1057 546 1114 tratres
562 1054 675 1126 absint,
692 1061 722 1112 et
735 1053 855 1114 Iasonis
870 1067 958 1131 uxor,

286 1137 324 1200 Et
339 1155 418 1215 quae
435 1137 577 1216 ruricolis,
591 1139 709 1198 semina
722 1143 803 1198 tosta
819 1137 911 1210 dedit,

246 1223 285 1284 Et
272 1230 389 1284 tsoror
404 1229 434 1283 st
447 1223 578 1294 Procne,
594 1221 772 1296 Tereusque·
787 1219 932 1282 duabus
923 1219 1069 1294 miquus„

41 1285 79 1316 ”
183 1321 235 1378 sao
288 1307 327 1368 Et
342 1322 529 1387 quicumque
542 1321 616 1366 suas
632 1321 688 1380 per
701 1305 803 1365 scelus
818 1311 909 1379 auget
923 1318 1010 1378 opes.

247 1391 301 1450 Dis
315 1392 436 1466 generis
451 1391 521 1450 date
535 1397 602 1449 tura
616 1390 698 1450 boni.
728 1389 898 1449 Concordia
913 1388 1006 1448 fertur

288 1475 343 1536 Itta
359 1474 523 1550 praecipue
537 1473 617 1534 mitis
632 1473 746 1534 adesse
760 1473 820 1534 die.

246 1558 284 1618 Et
297 1559 388 1618 libate
402 1559 515 1633 dapes,
530 1565 577 1633 ut,
592 1559 670 1631 grati
686 1557 798 1632 pignus
812 1556 949 1630 honoris,

286 1643 401 1703 Nutriat
415 1643 564 1702 incinctos
579 1641 676 1701 missa
689 1642 801 1718 patella
814 1641 918 1700 Lares.

186 1735 236 1792 635
250 1726 376 1802 Iamque
389 1723 442 1787 ubi
457 1726 597 1786 suadebit
616 1726 756 1801 placidos
771 1740 835 1785 nox
849 1723 974 1784 humida
991 1720 1128 1794 somnos,

289 1810 388 1885 Larga
402 1810 555 1885 precaturi
570 1810 680 1871 sumite
695 1809 767 1870 vina
781 1819 883 1882 manu,
1236 1836 1237 1886 ι

247 1894 394 1954 Et‘Bene
410 1909 484 1967 vos,
500 1893 605 1953 benet
593 1901 623 1953 te
632 1895 772 1969 ,patriae
788 1899 889 1968 pater,
905 1889 1018 1966 optime
1034 1889 1175 1948 camur
1236 1889 1237 1966 i

289 1978 387 2039 Dicite
400 1975 519 2038 suffuso
535 1985 581 2038 ter
594 1976 678 2037 bona
693 1977 788 2038 verba
804 1990 898 2035 mera.
1236 1969 1237 1996 i

534 2111 584 2175 23.
615 2108 835 2171 ΗΕΒ-Μ’

247 2230 315 2290 Nox
329 2227 381 2290 ubi
397 2230 563 2302 transierit,
579 2228 669 2290 solito
684 2229 854 2290 celebretur
868 2225 986 2288 honore

185 2322 237 2379 ato
293 2311 423 2388 Separat
436 2313 549 2374 indicio
566 2313 617 2388 qui
632 2313 709 2372 deus
725 2327 799 2372 arva
813 2326 881 2371 sua.

246 2397 400 2468 Termine,
417 2397 484 2456 sive
498 2397 593 2472 lapis,
609 2397 726 2466 sive'es
742 2396 888 2455 defossus
903 2394 934 2456 in
952 2407 1026 2468 agno

289 2479 407 2556 Stipes,
424 2480 462 2538 ab
478 2481 609 2554 antiquis
624 2487 658 2540 tu
673 2495 798 2556 quoque
812 2493 923 2538 numen
938 2477 1044 2537 habes.
1152 2554 1156 2560 Ι

246 2564 289 2625 Te
304 2565 364 2624 duo
380 2563 502 2624 diversa
517 2564 632 2624 domini
649 2579 706 2638 pro
722 2570 808 2638 parte
824 2568 980 2631 coronant,
994 2623 996 2630 ,
1069 2592 1072 2601 ι

287 2648 427 2722 Binaque
439 2655 521 2706 serta
536 2645 588 2708 tibi
603 2647 738 2724 binaque
752 2645 813 2705 liba
829 2643 936 2704 ierunt.
1003 2665 1005 2670 ·

183 2736 234 2792 645
248 2733 312 2792 Ara
326 2733 368 2794 tit.
389 2727 450 2792 huc
466 2732 566 2807 ignem
581 2738 667 2793 curta
683 2732 740 2790 tort
753 2731 869 2790 rustica
882 2735 961 2789 testu

270 2843 271 2848 ¹
289 2813 449 2892 Sumptum
464 2816 504 2874 de
519 2816 631 2891 tepidis
648 2816 716 2890 ipsa
731 2815 842 2873 colona
857 2813 945 2872 iocis
1039 2862 1041 2866 ,

247 2896 344 2973 Ligna
358 2915 454 2960 senex
469 2900 590 2973 minuit,
607 2899 794 2973 concisaque
810 2897 1044 2968 construimus,
1074 2923 1078 2977 5
1115 2955 1125 2984 N

289 2983 327 3043 Et
340 2983 442 3060 satida
454 3000 558 3046 ramos
574 2984 667 3058 figere
686 2987 801 3066 pugnat
814 2979 918 3041 humo.

247 3065 320 3126 ium
338 3063 421 3126 sicca
439 3068 553 3144 primas
567 3067 667 3126 inritat
680 3060 794 3126 cortice
809 3061 965 3126 flammas.

183 3163 235 3219 650
290 3148 355 3211 Stat
370 3165 446 3224 puer
461 3157 490 3210 et
505 3149 644 3211 manibus
659 3151 720 3210 tata
735 3148 869 3209 canistra
883 3155 974 3209 tenet.

247 3233 322 3294 Inde
336 3232 389 3293 ubi
403 3241 449 3294 ter
467 3235 569 3308 fruges
584 3235 704 3296 medios
720 3232 844 3294 immisit
858 3231 888 3292 in
905 3233 995 3308 ignis,

286 3315 415 3391 Porrigit
428 3317 544 3377 incisos
559 3317 622 3378 fitia
637 3318 851 3394 parva'ravos.

211 3430 216 3440 ·
246 3399 328 3458 Vina
342 3405 445 3458 tenent
461 3400 522 3459 alii.
550 3400 682 3460 libantur
696 3401 816 3476 singula
830 3398 973 3460 flammis.

292 3481 449 3558 Spectant,
466 3489 496 3542 ct
509 3483 621 3556 tinguis
636 3485 768 3546 candida
781 3481 870 3546 turba
884 3484 976 3546 iavet.
1028 3509 1032 3512 ·
1054 3539 1058 3546 .
