2524 4004
134 229 208 308 als·
515 223 807 289 FASTORUM,
867 211 870 222 ’
948 217 982 280 st

185 385 187 392 '
210 383 335 456 Ι115555,
359 379 530 442 Aventinae
545 379 636 439 timor
649 386 741 454 atque
755 379 879 439 infamia
893 377 999 452 silvae,
1019 451 1023 456 ¹

262 467 329 537 Non
344 466 413 524 leve
427 463 562 524 finitimis
577 463 815 538 hospitibusque
829 462 952 522 malum.

220 549 294 608 Dira
307 549 374 609 viro
395 547 499 618 iacies,
517 547 600 606 vires
615 562 672 620 pro
688 560 833 620 corpore,
856 560 970 620 corpus

165 652 167 655 ·
265 631 397 692 Grande.
432 637 520 706 pater
533 629 661 690 monstri
680 628 827 687 Mulciber
840 628 930 690 huius
950 636 1042 706 ,eretz-

61 721 62 724 ’
134 764 135 768 ¹
149 723 203 778 555
215 713 337 789 Proque
351 716 443 775 domo
465 712 566 786 longis
582 713 731 786 spelunca
745 711 921 773 recessibus
935 712 1053 786 ingens,

264 797 393 871 Abdita,
407 797 461 856 vix
476 796 554 869 ipsis
569 795 753 855 invenienda
766 795 850 854 ieris.
881 807 883 812 ’
934 846 940 852 ,,

158 881 162 888 ’
224 881 285 941 Ora
299 896 394 956 super
408 885 515 954 postes
530 873 687 952 altiusque
706 878 850 941 bracchia
860 877 1010 953 pendent,

265 963 477 1039 squalidaque
491 961 631 1022 humanis
643 961 771 1034 ossibus
786 961 868 1022 albet
885 961 1005 1022 1155555.

224 1047 354 1108 Servata
367 1047 446 1104 rnale
461 1053 548 1120 parte
564 1045 659 1105 bourn
674 1046 749 1103 love
767 1053 857 1106 natus
878 1044 999 1104 abibas=

152 1139 206 1195 560
261 1130 407 1204 Mugitorn
424 1145 519 1188 rauco
537 1129 615 1190 lurta
630 1127 744 1190 dedere
756 1143 847 1188 sono.
950 1163 953 1166 -

224 1213 365 1288 ‘Accipio
380 1216 574 1271 revocamen'
591 1213 645 1285 ait,
661 1226 832 1285 vocemque
847 1219 970 1274 secutus
988 1239 992 1244 1
1010 1239 1011 1242 ¹

266 1296 363 1373 Impia
384 1311 441 1370 per
456 1297 551 1355 silvas
566 1297 664 1356 viotor
678 1295 719 1354 a'd
732 1302 820 1356 antra
833 1297 925 1360 uenit.

224 1382 278 1440 llic
293 1380 407 1439 editum
421 1380 507 1439 lracti
522 1386 750 1455 praestruxerat
761 1378 849 1439 obice
862 1379 989 1440 montis-2
1007 1379 1037 1430 ,·
1073 1381 1074 1384 ’
1098 1420 1103 1428 ,

265 1464 328 1524 Vix
342 1463 414 1536 iuga
428 1464 596 1522 movissent
612 1463 749 1536 quinque
763 1462 811 1522 bis
826 1462 901 1524 illud
920 1478 1023 1538 opus..

153 1557 205 1611 555
219 1547 327 1606 Nititur
340 1545 390 1604 hic
405 1545 539 1606 ilumeris
550 1589 579 1620 ‚..
600 1547 718 1606 caelum
739 1561 864 1623 quoque
886 1547 1008 1606 sederat
1025 1544 1119 1606 illis...
1229 1590 1232 1594 <

266 1629 437 1690 Et-vasturn
452 1636 537 1690 motu
552 1629 776 1691 conlabefactat
796 1645 886 1692 onus·
907 1671 909 1678 ,

226 1712 315 1788 Quod
329 1711 419 1772 'sirnul
434 1728 575 1773 eversum
591 1721 646 1785 est
662 1714 766 1788 fragor
779 1713 904 1775 aethera
914 1713 1020 1774 terruit
1029 1713 1153 1790 ipsunt.

268 1797 393 1871 ictaque
409 1794 549 1858 subsedit
562 1797 701 1872 pondere
715 1797 806 1858 molis
820 1798 942 1863 humus.

225 1877 325 1940 Prima
344 1886 447 1939 movet
461 1880 558 1940 Cocus
573 1882 685 1940 collata
700 1881 818 1956 proelia
833 1882 949 1953 dextra,

153 1971 208 2027 575
266 1964 405 2036 Rernque
419 1964 507 2024 lerox
522 1965 607 2024 saxis
627 1964 842 2040 stipitibusque
855 1965 941 2040 gerit.

227 2045 300 2121 Quis
316 2045 368 2106 ubi
384 2047 425 2106 nil
435 2047 553 2124 agitur,
575 2047 689 2123 patrias
703 2049 783 2107 male
797 2048 942 2109 sortis-ad
955 2055 1037 2108 artes

181 2124 184 2133 '
269 2129 424 2204 Coniugii,
449 2137 478 2190 et
492 2130 632 2192 flammas
649 2147 702 2192 ore
717 2138 846 2193 sonante
859 2132 964 2193 vomit.

228 2212 309 2287 Quas
325 2213 467 2286 quotiens
483 2213 609 2290 proflat,
626 2215 745 2290 spirare
759 2215 908 2292 Typhoea
923 2215 1041 2287 credas,
1082 2269 1085 2272 .

63 2343 74 2358 ,,
268 2297 306 2356 Et
319 2297 460 2372 rapidum
475 2301 612 2360 Aetnaeo
628 2299 729 2374 iulgttr
742 2298 781 2358 ab
796 2299 867 2373 igno
880 2299 948 2359 iaci.

156 2387 208 2444 575
224 2377 360 2453 0555555
372 2380 515 2455 Alcides,
537 2383 733 2456 adductaque
748 2383 836 2442 clava
849 2379 987 2455 uinodis'.
1045 2393 1048 2401 ‘

190 2474 193 2478 ·
268 2464 327 2522 Ter
342 2470 449 2537 quater
463 2466 586 2526 adversi
601 2466 682 2526 sedit
695 2467 725 2525 in
741 2482 794 2528 ore
806 2465 875 2526 viri.

116 2557 118 2563 ·
226 2546 281 2606 1115
295 2546 583 2623 555111,ιωί5155555
598 2550 694 2610 vomit
708 2565 782 2610 cum.
793 2550 941 2627 sanguine
955 2549 1065 2624 fumos,

268 2629 307 2690 Et
320 2629 381 2690 lato
397 2631 531 2693 moriens
549 2641 674 2708 pectore
688 2633 806 2708 plangit
818 2633 952 2694 humum.

227 2713 365 2774 immolat
386 2729 426 2774 ex
440 2717 500 2776 illis
514 2722 633 2776 taurum
647 2717 725 2789 libis
738 2717 889 2792 Iuppiter,
905 2732 1016 2786 unum,

155 2805 210 2861 550
264 2797 385 2872 Victor,
401 2805 432 2858 et
444 2799 620 2861 Euandrum
635 2801 848 2877 ruricolasque
864 2807 965 2860 vocat.

229 2879 450 2956 constituitque
469 2883 544 2956 sibi,
566 2899 645 2960 quae
663 2884 797 2946 Maxima
811 2884 935 2955 dieitur,
951 2897 1046 2956 aram,

269 2963 326 3022 Hic
339 2963 392 3024 ubi
408 2982 480 3039 pars
494 2966 586 3028 Urbis
602 2969 641 3028 de
660 2969 741 3028 bove
756 2982 867 3027 nornen
880 2966 982 3027 habet.
1007 2971 1009 2975 ’

227 3045 290 3104 1155
308 3051 390 3106 tacet
401 3045 536 3110 Euandri
557 3057 668 3125 mater,
689 3067 787 3127 prope
801 3058 922 3126 tempus
937 3047 1061 3118 adesse.

238 3131 240 3136 '
269 3127 400 3190 Hercule
415 3147 476 3204 quo
491 3135 581 3194 tellus
597 3134 637 3194 sit
651 3134 726 3195 seb's
741 3149 800 3195 usa
813 3151 883 3194 suo.

155 3219 210 3274 585
223 3210 265 3271 At
278 3210 351 3270 letix
366 3220 469 3286 vates,
485 3223 518 3276 ut
532 3216 580 3277 dis
597 3217 773 3292 gratissima
786 3216 872 3291 vixit,

271 3293 415 3356 Possidet
426 3297 508 3357 huno
521 3300 586 3358 lani
600 3297 646 3360 sic
660 3301 719 3361 dea
732 3315 840 3361 mense
854 3299 946 3360 diem.
993 3373 995 3376 v
