2520 4008
74 193 76 198 ¹
113 245 176 312 114
477 186 478 189 ¹
514 233 739 298 1111111111
815 223 817 226 ’
855 195 858 203 ⁸

153 405 188 460 at
199 392 329 458 Nomina
343 408 404 454 neu
416 391 548 452 referam
562 387 688 464 longum
704 385 832 450 collecta
845 405 1036 470 peractum,
1064 396 1067 400 ’

187 476 199 502 “
239 476 397 552 Discipulo
412 475 491 553 perii
506 472 591 534 solus
607 471 645 532 ab
661 471 729 547 ipse
744 485 824 530 meo.
971 473 973 476 ’

196 565 275 624 Dum
291 558 400 621 damus
417 575 503 620 arma
517 555 581 630 tibi,
598 554 678 616 'dum
692 560 731 626 te,
754 554 881 630 lascive,
902 555 1059 634 docemus,

151 705 153 708 ,
237 645 321 705 Η111
337 649 367 704 11
382 642 535 720 discipulo
552 638 635 700 dona
648 638 796 712 magister
809 638 912 700 habet.

198 726 267 790 Scis
281 734 392 802 tamen,
414 733 449 790 ut
461 722 579 800 liquido
595 720 713 783 iuratus
730 721 834 782 dicere
848 723 964 800 possis,

154 829 190 882 50
241 813 308 873 Non
323 826 373 874 mc
385 809 538 889 legitimos
554 805 738 868 sollicitasse
751 811 847 868 toros

199 894 385 972 scripsimus
400 893 479 954 haec
487 890 570 965 istis,
589 905 719 966 quarum
733 900 790 949 neo
803 889 879 950 ,vitta
893 892 1024 966 pudicos

237 977 390 1051 contingit
404 973 514 1052 crines,
536 987 595 1034 nec
610 972 690 1034 stola
703 973 795 1050 longa
811 975 917 1052 pedes.
997 1025 1000 1028 .

196 1063 261 1137 Dic,
282 1075 403 1137 precor,
424 1057 588 1136 ecquando
604 1055 738 1118 didicisti
754 1058 996 1136 111111111111111,ι

103 1153 104 1158 ’
237 1145 277 1205 Et
290 1145 393 1205 facere
408 1145 557 1206 incertum
571 1153 711 1217 permea
725 1140 812 1202 iussa
826 1150 945 1234 genosi
1016 1211 1019 1216 ¹

155 1229 250 1294 51111
265 1227 305 1290 sit
318 1226 361 1296 ab¹
370 1225 424 1288 his
436 1225 534 1287 omnis
549 1223 647 1300 rigide
662 1225 963 1306 111111111111111111111,Δ

241 1312 337 1387 Quam
351 1313 402 1372 lex
417 1310 545 1372 imtivos
561 1312 644 1368 arcet
659 1305 774 1368 habere
788 1309 896 1369 viros?
1025 1311 1028 1314 ’

110 1437 111 1440 ¹
198 1393 278 1471 Quid
291 1401 392 1456 tamen
407 1394 467 1454 lroc
483 1392 620 1469 prodest,
642 1391 726 1466 vetiti
742 1391 769 1451 si
783 1394 852 1474 lege
867 1408 977 1453 severa

240 1476 357 1539 credor
373 1475 512 1538 1111111111
527 1476 745 1550 composuisse
759 1481 871 1554 notast

198 1562 317 1623 11111...
333 1560 379 1620 sic
394 1560 511 1630 habeas
526 1559 670 1621 lerientes
690 1565 800 1620 cuneta
814 1558 952 1636 sagittas,
1015 1585 1016 1590 ¹

156 1653 191 1708 60
244 1642 297 1705 Sic
310 1659 477 1720 numquam
490 1639 601 1720 rapido
616 1642 777 1718 lampades
791 1643 864 1718 igne
876 1650 1002 1719 vacent:
1079 1649 1081 1652 ’
1101 1719 1104 1723 ¹

198 1726 251 1790 Sic
268 1735 356 1802 regat
370 1727 532 1804 imperium
545 1733 706 1802 terrasque
721 1733 863 1789 coerceat
877 1742 984 1804 ornnes

241 1811 362 1886 Caesar,
384 1809 421 1871 ab
436 1812 545 1872 Aenea
559 1811 612 1888 qui
626 1811 680 1874 tibi
695 1810 787 1872 tratre
801 1827 932 1892 nepos...
992 1839 1000 1862 s
1081 1851 1082 1854 =

187 1895 304 1970 Effice,
318 1895 367 1956 sit
379 1894 469 1955 nobis
484 1909 547 1955 non
561 1893 753 1972 inplacabilis
767 1893 822 1970 ira,

237 1978 350 2056 Meque
360 1979 433 2050 loco
448 1979 540 2056 plecti
555 1978 764 2042 commodiore
779 1979 873 2040 velit’

143 2063 278 2132 saliaco
293 2078 351 2138 ego
367 2063 453 2124 visus
469 2078 553 2124 eram
567 2077 664 2139 puero
680 2063 801 2124 dixisse
816 2063 942 2124 volucri.
1050 2060 1052 2064 ’
1143 2101 1146 2108 -
1257 2059 1258 2068 ’

237 2147 304 2207 Hos
318 2147 405 2207 visus
420 2146 510 2209 nobis
526 2147 577 2207 ille
591 2146 718 2210 dedisse
734 2161 846 2208 sonos:

199 2229 268 2290 ‘Per
285 2245 354 2290 mea
367 2230 437 2306 tela,
459 2231 543 2293 iaces
559 2237 589 2291 et
603 2247 659 2307 per
672 2245 742 2291 mea
755 2231 826 2304 tela
846 2231 983 2306 sagittae,

238 2313 298 2373 Per
312 2319 439 2375 matrem
453 2314 520 2375 iuro
536 2315 786 2390 Caesareumque
800 2321 900 2392 caput,
1043 2394 1045 2396 Ι

196 2396 245 2457 Nil
258 2396 319 2456 nisi
333 2411 517 2470 concessum
531 2414 590 2459 nos
604 2404 635 2458 te
649 2397 800 2460 didicisse
813 2398 970 2475 magistro,
1018 2403 1021 2406 ’

148 2485 185 2542 io
238 2477 364 2542 Artibus
380 2487 410 2541 et
423 2481 538 2558 nullum
553 2483 667 2542 crimen
682 2482 787 2544 inesse
799 2482 870 2544 tuis.
1019 2525 1020 2528 ,

159 2579 160 2584 ’
197 2561 299 2638 thue
313 2561 383 2639 hoc,
406 2565 452 2625 sic
466 2564 581 2627 utinam
597 2565 765 2627 defendere
780 2573 882 2627 cetera
895 2569 1023 2641 posses!

239 2646 308 2708 Scis
324 2647 417 2724 aliud,
441 2649 571 2726 quodie
586 2648 719 2726 laeserit,
742 2665 823 2726 esse,
845 2649 954 2725 magis.

197 2730 350 2808 Quicquid
363 2732 397 2793 id
410 2739 489 2808 est..
507 2749 612 2809 neque
626 2733 708 2794 enirn
725 2733 817 2799 debat
831 2733 921 2796 dolor
936 2732 986 2794 ille
1000 2729 1136 2792 1111111..

237 2813 306 2876 Non
321 2823 411 2891 potes
427 2834 446 2878 a
462 2819 554 2894 culpa
567 2816 672 2878 dicere
686 2817 798 2879 abesse
813 2825 875 2880 tua.

147 2903 182 2962 tt
194 2899 239 2961 Tu
253 2899 325 2958 licet
338 2901 453 2964 erroris
468 2900 527 2961 snb
541 2899 673 2976 imagine
688 2901 803 2963 crimen
818 2899 994 2980 obumbres,

237 2981 305 3062 Non
321 2984 446 3056 gravior
459 2984 565 3048 merito
576 2985 715 3061 ,vindicis
730 2987 777 3050 ira
791 2986 857 3048 init.

195 3063 236 3128 Ut
249 3072 352 3126 tamen
366 3067 539 3144 aspicerem
554 3071 795 3147 consolarerque
811 3071 971 3141 iacentem,

238 3147 342 3225 Lapsa
355 3165 412 3226 per
426 3153 583 3215 inmensas
600 3160 647 3216 est
660 3155 733 3216 milri
747 3155 843 3232 pinna
857 3154 936 3214 vias.

196 3229 281 3293 Haec
296 3232 366 3294 loca
378 3242 442 3299 turn
454 3237 584 3314 primurn
599 3237 672 3311 vidi,
696 3254 766 3301 cum
780 3245 877 3302 matre
890 3240 1020 3312 rogante

146 3324 182 3378 80
237 3315 364 3378 Phasias
379 3325 428 3380 est
440 3321 512 3382 telis
525 3321 589 3383 lixa
602 3321 707 3398 puella
721 3321 808 3386 meis.

198 3397 282 3474 Quae
296 3415 378 3462 nunc
392 3417 447 3465 cur
460 3403 569 3466 iterum
582 3412 655 3483 post
669 3409 794 3470 saecula
808 3409 903 3484 longa
916 3402 1060 3477 revisam,

238 3481 383 3564 miscis,
407 3503 425 3547 o
440 3487 551 3549 castris
564 3489 652 3552 miles
668 3491 765 3578 amice
780 3492 867 3562 meis.
929 3563 933 3565 ,
