2520 4012
552 193 779 280 rnrsrnnu

276 348 310 406 ln
324 348 394 408 loce
407 361 445 404 ne
458 344 569 406 redeas
585 345 715 421 amplius
730 347 798 419 isla,
815 361 934 423 precor,

239 432 317 500 Dum
331 435 542 508 meterrerurn
556 446 630 508 pers
645 443 744 505 paene
759 425 937 506 novissima,
953 431 1070 507 Pontus

198 577 199 580 ,
280 513 419 586 Euxinus
434 513 513 574 ialso
529 515 652 574 nornine
668 514 766 574 dictus
782 513 882 594 hebet,
916 564 918 568 ,

158 647 225 746 14·
238 647 350 743 Cultor
364 687 395 741 et
409 678 536 740 antistes
552 680 712 740 doctorum
727 687 833 741 sancte
850 681 993 758 virorum,

283 765 340 842 Qui
355 764 430 826 locis
445 763 568 838 ingenio
585 777 716 840 semper,
733 765 838 847 amice,
853 773 938 826 mco!
964 823 968 829 ,
1084 839 1085 842 ¹

237 849 366 931 Ecquid,
382 854 415 908 ut
428 849 610 909 incolumem
626 847 781 924 quondam
797 850 952 910 celebrere
967 853 1101 928 solebas

281 937 367 999 Nunc
383 952 515 1012 quoque,
531 950 570 996 nc
583 934 690 995 vldeur
704 940 786 995 totus
802 934 923 1010 obesse,
939 937 1053 1008 caves?
1097 973 1098 976 κ

202 1037 218 1090 5
234 1023 374 1098 Suscipis
390 1021 528 1101 exceptis
544 1019 655 1096 ecquid
671 1034 739 1079 lnce
753 1019 888 1080 carmina
901 1020 976 1080 solis

278 1106 414 1178 Artibus,
431 1105 538 1166 artifici
554 1120 634 1180 quoe
648 1119 782 1166 nocuere
798 1113 878 1167 suot

236 1187 332 1254 Immo
348 1191 462 1266 italae,
480 1203 606 1265 quaeso,
620 1197 724 1274 return
740 1189 880 1253 studiose
894 1208 1053 1266 novorum,
1066 1221 1079 1258 ς

278 1278 405 1352 Quaque
422 1282 518 1350 potes
532 1275 627 1334 retine
642 1290 754 1349 corpus
767 1275 798 1334 in
812 1275 895 1337 Urbe
910 1292 1019 1335 rneunr.

237 1363 293 1423 Est
308 1363 380 1436 luga
395 1360 476 1420 dicta
490 1359 571 1433 milri,
587 1374 648 1419 non
663 1365 711 1419 est
725 1359 797 1434 iugo
811 1361 892 1422 dicte
906 1358 1023 1435 libellis,

135 1449 141 1458 ’
187 1456 223 1509 10
281 1446 337 1520 Qui
352 1445 465 1505 domini
479 1459 612 1520 poenam
627 1461 689 1505 non
705 1459 844 1506 meruere
859 1446 916 1506 sui.

238 1531 339 1606 Saepe
353 1547 410 1606 per
425 1535 567 1591 externas
583 1531 733 1605 prologus
748 1537 835 1606 pater
849 1530 952 1591 exulat
966 1547 1046 1605 ores,

142 1666 144 1671 .
188 1611 189 1614 ’
277 1614 361 1676 Urbe
374 1621 475 1674 tamen
490 1615 568 1674 netis
584 1615 684 1675 exulis
701 1629 772 1675 esse
787 1616 866 1676 licet.

190 1752 192 1756 ,
235 1698 368 1758 Palladis
384 1701 523 1775 exemplo
540 1699 579 1759 de
593 1715 642 1758 me
657 1700 725 1759 sine
739 1706 835 1760 matre
850 1706 952 1760 creata
1021 1739 1027 1754 ‹

280 1783 419 1842 Carmina
434 1789 512 1842 sunt.
537 1783 630 1858 stirps
646 1783 722 1844 hoec
739 1785 965 1859 progeniesque
979 1799 1048 1843 mea
1062 1790 1119 1844 est.

184 1874 220 1927 15
234 1866 321 1927 Hanc
337 1865 389 1927 tibi
405 1868 596 1928 commendo.
620 1883 700 1943 quae
710 1885 777 1943 quo
791 1869 888 1944 magis
903 1869 979 1930 orba
992 1875 1130 1942 parente,

278 1951 347 2011 Hoc
363 1952 415 2012 tib-i
430 1952 520 2013 tutori
535 1951 657 2012 sarcina
671 1953 767 2014 maior
782 1953 847 2014 erit.
987 2015 989 2020 ,

236 2036 311 2094 Tres
327 2034 399 2094 mihi
413 2041 485 2096 sunt
499 2035 559 2095 nati
575 2037 715 2110 contagia
733 2042 839 2096 nostro
852 2036 965 2116 secutir
1019 2083 1020 2087 ,

280 2119 385 2179 Cetera
399 2121 447 2180 lec
463 2135 555 2180 curae
569 2120 609 2180 sit
622 2120 676 2181 tibi
690 2121 778 2181 turbo
792 2122 903 2194 palan.

238 2201 316 2262 Sunt
330 2219 456 2279 quoque
472 2209 602 2264 mutatae
618 2212 663 2264 ter
678 2204 815 2279 quinque
828 2204 984 2264 volumina
999 2206 1124 2274 sonnino,

184 2300 223 2352 20
278 2285 417 2346 carmine
431 2288 470 2346 de
485 2289 600 2349 domini
616 2289 723 2348 funere
739 2294 827 2362 rapta
842 2287 901 2349 sui.
914 2299 916 2304 ‘

235 2369 314 2429 illud
329 2372 530 2446 opuspotuit,
546 2372 648 2431 sinon
665 2373 751 2446 prius
766 2372 836 2447 ipse
850 2358 1011 2448 perisseni,

277 2453 394 2514 Certius
410 2471 428 2514 n
443 2471 562 2514 summa
576 2467 688 2516 nomen
703 2455 818 2515 hebere
831 2472 934 2516 manu.

234 2534 321 2596 Nunc
335 2537 537 2600 incorrectum
553 2539 660 2614 populi
675 2540 815 2614 pervenit
830 2541 860 2598 in
872 2551 939 2613 ore,

276 2621 311 2679 ln
325 2623 433 2697 populi
449 2623 613 2698 quicquam
629 2625 655 2682 si
669 2631 770 2684 tomen
785 2639 840 2684 ore
855 2625 914 2688 mci
930 2629 986 2682 est.

141 2773 144 2780 f
182 2711 217 2767 25
231 2704 299 2766 Hoc
315 2721 439 2782 quoque
454 2708 559 2767 nescio
576 2707 650 2782 quid
666 2708 780 2784 nostris
796 2723 920 2782 appone
936 2706 1053 2779 libellis,

151 2849 152 2856 ,
275 2790 405 2850 Diverso
421 2791 549 2852 missurn
565 2791 649 2866 quod
663 2790 716 2852 tibi
732 2792 770 2851 ab
787 2793 861 2851 orbe
877 2791 966 2851 venit.

233 2871 324 2946 Quod
339 2875 524 2948 quicumque
544 2877 665 2949 leget...
680 2877 706 2934 si
722 2875 791 2950 quis
810 2877 920 2949 leget...
933 2873 1073 2934 aestimet
1089 2878 1172 2948 ente,

276 2956 484 3031 compositum
500 2975 562 3032 quo
577 2959 617 3018 sit
629 2966 768 3034 ternpore
781 2974 906 3034 quoque
921 2957 1002 3018 loco.

231 3039 361 3113 Aequus
376 3041 432 3102 erit
446 3040 578 3116 scriptis
594 3059 724 3116 quorum
738 3042 918 3116 cognoverit
931 3057 1002 3102 esse
1081 3079 1086 3089 ι

178 3129 216 3183 30
271 3122 402 3183 Exilium
418 3131 539 3198 tempus
554 3125 791 3202 barbariemque
806 3129 925 3188 locunt
1002 3121 1004 3126 “

230 3205 328 3280 Inque
343 3214 386 3268 tot
400 3209 541 3269 adversis
557 3225 679 3270 carmen
695 3210 852 3271 mirabitur
869 3209 964 3270 ullum

271 3289 391 3350 Ducere
407 3309 456 3351 me
470 3293 547 3352 tristi
563 3293 750 3354 sustinuisse
763 3309 866 3354 manu.

229 3371 243 3432 1
287 3373 389 3433 eninm
409 3376 527 3448 fregere
542 3391 641 3435 meum
656 3379 744 3436 molo.
769 3378 856 3437 cuius
873 3383 903 3434 et
918 3380 987 3436 ente

293 3472 352 3517 ons
367 3457 547 3518 infecundus
564 3475 722 3534 parvaque
737 3471 817 3522 vena
830 3459 895 3522 luit.
