2520 4008
139 221 202 288 tta
297 191 300 194 ’
533 217 593 278 ux
613 215 761 278 rouro

96 430 99 435 .
261 372 409 435 Materiae
423 368 529 446 gracili
543 367 837 443 sufficit-ingenium.
986 422 991 429 .

219 457 337 534 Nuper,
351 462 386 520 ut
397 455 458 516 huc
471 453 574 529 magni
589 451 730 528 pervenit
742 453 824 514 tama
835 450 990 530 triumphi,

260 542 367 602 Ausus
383 555 451 602 sum
464 542 568 600 mutae
583 549 706 598 sumere
718 535 809 598 molis
827 551 918 612 opus.

156 667 160 673 .
219 622 325 686 Obruit
338 622 502 684 audentem
515 635 617 682 rerum
630 617 830 696 gravitasque
850 619 1003 699 nitorque,

169 720 206 776 ao
258 706 321 769 Nec
335 707 422 783 potui
438 704 539 781 coepti
553 703 695 781 pondera
708 701 790 766 ferre
802 703 872 764 urei.

219 790 299 864 lllic,
316 806 408 866 quam
423 787 548 861 laudes,
563 785 778 848 erit'olliciosa
792 787 952 851 voluntas:

262 874 371 936 cetera
383 871 511 934 materia
526 870 681 933 debilitata
695 871 806 932 iacent.
865 922 869 930 .
1053 933 1054 936 ,

220 958 276 1032 Qui
291 957 318 1016 si
331 958 410 1018 torte
428 954 506 1016 liber
519 961 640 1016 vestras
659 953 854 1030 pervenitad
870 969 971 1029 aures,

256 1039 553 1113 tautummodo,
568 1039 679 1102 sentiat
697 1037 749 1100 ille
763 1043 856 1102 tuam.

168 1133 202 1192 st
215 1123 282 1186 Hoc
296 1122 350 1186 tibi
364 1123 498 1198 lacturo,
513 1123 563 1183 vel
577 1122 605 1184 si
618 1139 683 1184 non
696 1121 767 1198 ipso
779 1137 930 1198 rogarem,

260 1207 399 1269 Accedat
413 1207 553 1268 cumulus
568 1207 787 1282 mulierosus
805 1207 898 1267 levis.-

219 1291 287 1352 Non
307 1306 366 1368 ego
380 1290 568 1365 laudandus,
584 1289 642 1352 sed
657 1295 728 1352 sunt
740 1296 792 1352 tua
805 1296 947 1366 pectora,
963 1290 1041 1353 lacte

258 1373 296 1434 Et
310 1388 373 1436 nou
387 1375 505 1436 calcata
517 1373 698 1435 candidiora
710 1374 797 1439 niver

219 1458 404 1533 Mirarisque
423 1457 516 1533 aiios,
532 1473 602 1520 cum
617 1459 661 1520 sis
675 1455 822 1520 mirabilis
837 1459 914 1534 ipse,

168 1547 204 1602 ‹ltt
258 1542 322 1602 Nec
337 1541 450 1602 lateant
464 1549 549 1615 artes
561 1542 885 1618 eloquiumquctuunt.

219 1625 261 1686 Te
276 1622 421 1688 iuvenum
434 1624 596 1702 princeps,
617 1626 666 1686 cui
681 1624 734 1689 dut
748 1624 909 1694 Germanic
924 1639 1044 1700 nomen,

259 1708 441 1784 participem
455 1707 547 1770 studii
563 1708 678 1772 Caesar
690 1707 805 1770 habere
821 1709 909 1770 solet.

218 1793 264 1854 'l'u
278 1807 383 1854 comes
398 1793 556 1868 antiquus,
571 1798 605 1858 tu
618 1792 726 1869 prinus
741 1793 863 1856 iunctus
879 1791 918 1854 ab
934 1793 1022 1854 anuis

259 1875 386 1951 Ingenio
401 1891 503 1938 mores
518 1876 738 1952 aequiperante
752 1878 869 1952 places.
1009 1934 1011 1938 .

169 1973 205 2030 45
219 1958 261 2022 Te
275 1960 396 2023 dicente
409 1961 495 2040 prius
515 1959 549 2022 ut
563 1961 703 2038 protinus
718 1961 849 2036 impetus
865 1958 922 2024 illia
1053 1968 1059 1974 ·

258 2043 364 2118 Teque
375 2043 488 2120 hobus
499 2043 605 2106 elicias
620 2045 672 2121 qui
686 2043 853 2108 suc-veroa
866 2043 938 2107 tuis.

221 2126 294 2188 Cum
308 2135 342 2189 tu
357 2126 466 2194 desisti
481 2128 684 2204 mortaliaque
696 2142 752 2189 ora
767 2128 920 2204 quierunt¹
975 2177 982 2188 .

261 2210 435 2286 clausaque
449 2227 511 2276 uon
526 2212 618 2288 longa
632 2212 807 2276 conticuere
822 2225 918 2286 mora,

217 2292 322 2369 Surgit
334 2292 419 2356 Iuleo
434 2295 553 2357 iuvenis
563 2297 751 2372 ¹cognomine
766 2296 886 2370 dignus,

169 2384 205 2442 50
261 2376 364 2450 Qualis
384 2375 423 2438 ab
442 2379 508 2440 eois
523 2378 632 2442 lucifer
645 2385 730 2444 ortus
746 2379 845 2454 aqua.

219 2459 361 2536 Dumque
374 2461 471 2522 silens
485 2461 603 2537 adstat,
620 2470 717 2525 status
732 2469 781 2525 cst
794 2463 959 2538 vultusque
973 2458 1092 2542 diserti,

257 2541 418 2620 Spemque
437 2544 552 2607 decens
573 2547 683 2611 doctae
697 2549 785 2608 ‘vocis
801 2547 930 2611 unicius
943 2542 1049 2612 habet,

218 2625 307 2701 Mox,
323 2625 376 2691 ub'i
394 2630 487 2706 pulsa
500 2645 587 2692 mora
603 2637 651 2694 est
665 2637 758 2708 atque
773 2637 809 2692 os
824 2632 958 2692 caeleste
972 2625 1124 2704 solutum,

258 2711 326 2773 lloc
340 2727 472 2790 superos
489 2713 571 2776 iures
586 2715 787 2779 muresclere
800 2714 895 2789 loqui,
1010 2771 1011 2777 ,
1086 2731 1088 2736 ’
1148 2793 1151 2797 ,

167 2797 202 2853 tu
216 2796 319 2871 Atque
333 2795 423 2859 ‘haec
437 2800 496 2858 cst’
512 2797 599 2864 dicus
613 2797 772 2862 ‘secundia
787 2797 926 2874 principe
941 2795 1062 2872 dignae

259 2879 390 2955 Eloquia
405 2885 521 2940 tantum
535 2882 700 2946 nubilitatis
717 2882 821 2946 inest
848 2959 850 2966 y
884 2895 887 2918 ³
1012 2901 1017 2910 ¹

218 2961 298 3024 Huic
310 2967 344 3024 tu
359 2978 428 3024 cum
442 2965 568 3039 placeas
583 2973 614 3026 et
628 2964 742 3030 vertice
757 2965 861 3027 sidera
875 2971 994 3047 taum

259 3043 380 3120 Scripta
394 3052 495 3126 tamen
509 3049 722 3129 prorupimus
736 3048 881 3112 habenda
894 3054 996 3126 putas.
1092 3086 1096 3095 ·

220 3127 343 3190 Scilicet
356 3127 485 3206 urgentis
500 3132 604 3210 aliqua
614 3140 666 3206 'est
679 3133 848 3202 concordia
861 3131 982 3204 iunctis,

165 3220 202 3277 dd
251 3212 290 3272 Et
304 3221 409 3276 servat
422 3215 515 3280 studii
529 3217 657 3281 foedera
676 3219 808 3296 quisque
823 3217 887 3282 suia

213 3295 359 3359 Rusticus
374 3299 553 3376 agricolam,
569 3302 656 3366 miles
672 3302 738 3366 tera
751 3302 835 3366 bellu
848 3306 1012 3380 gerentem,

256 3379 419 3444 Rectorem
433 3381 544 3446 dubiae
559 3386 662 3448 nuvita
674 3388 791 3464 puppis
808 3391 899 3450 amat
961 3410 964 3420 ⁴

214 3459 259 3528 Tu
274 3477 399 3542 quoquc
411 3464 562 3532 Pieridum
577 3471 695 3546 studio,
712 3468 868 3550 studiose,
888 3467 1013 3543 teneris,
1108 3523 1118 3536 ,
1144 3490 1165 3573 ς’
