2520 4008
441 147 479 230 V,
505 152 555 232 13,
580 153 715 233 lat-14,
738 158 789 224 46.

183 309 325 390 Perpetui
342 309 476 374 tructam
488 307 602 388 donavi
618 309 761 372 nominis.
781 311 886 388 idque,

224 395 289 470 Quo
306 393 380 453 dare
395 392 438 450 nii
453 391 538 467 potui
551 407 676 456 munere
690 395 798 470 maius,
819 397 927 458 habes.

138 491 175 548 15
186 479 279 542 Adde
295 475 388 554 quod,
411 483 443 535 ut
455 491 559 536 rerum
573 477 684 537 sotters
699 479 793 538 tutela
806 495 943 540 mearum

223 562 274 624 Ad
289 567 328 635 tc,
350 574 413 620 non
428 559 515 635 parui
530 561 614 620 venit
627 561 754 622 honoris
771 577 859 636 onus,

184 646 274 724 Quod
288 659 455 720 numquam
471 659 534 704 vox
548 649 597 705 est
611 645 652 705 de
665 651 695 706 te
708 660 780 706 mea
792 653 884 722 muta,
908 649 1011 725 tuique

224 728 350 793 Iudiciis
366 725 462 788 debes
477 741 547 788 esse
562 728 699 800 superba
713 729 781 789 viri.

185 815 324 892 Quaene
339 812 409 889 quis
424 811 525 887 possit
538 813 700 873 temeraria
715 812 826 889 dicere,
849 822 963 892 persta,

139 910 177 965 20
228 899 267 958 Et
280 895 394 973 pariter
408 911 500 956 servu
513 911 624 972 meque
639 897 785 972 piamque
799 897 902 959 Iidem.

183 982 259 1046 Nam
274 987 335 1054 tua,
359 981 432 1041 dum
447 979 595 1054 stetimus,
618 980 700 1058 turpi
713 981 782 1040 sine
797 983 922 1044 crimine
936 983 1053 1060 mansit,

222 1065 260 1126 Et
274 1071 390 1128 tantum
404 1063 543 1140 probitas
558 1063 779 1140 inreprehensa
793 1065 857 1126 iuit.
892 1087 895 1092 ¹

183 1151 266 1211 Areu
281 1149 321 1210 de
334 1153 438 1209 nostra
453 1164 534 1210 nunc
549 1148 665 1209 esttibi
679 1149 876 1210 sectamina:

227 1234 432 1309 Conspicuum
446 1233 543 1293 virtus
558 1231 609 1291 hic
623 1237 675 1293 tua
689 1238 785 1308 ponat
800 1239 896 1309 opust

138 1329 175 1384 25
185 1317 384 1380 Esseboncm
392 1317 481 1377 iacile
492 1323 549 1392 cst,
560 1314 613 1378 ubi
622 1317 706 1392 quod
719 1323 800 1378 vetet
811 1333 891 1390 esse,
903 1323 1052 1382 remotum
1063 1323 1118 1394 est,

154 1401 903 1477 dfflfflmfflmm

184 1486 260 1548 Cum
273 1486 350 1545 deus
366 1483 503 1560 intonuit,
526 1501 588 1545 non
604 1501 638 1546 se
654 1485 829 1547 subducere
843 1485 956 1562 nimbo,

224 1569 261 1630 Id
276 1569 398 1629 demum
414 1569 523 1644 pietas,
548 1569 581 1630 id
597 1569 723 1631 socialis
739 1585 834 1630 amor.

183 1654 265 1717 Rara
279 1653 402 1730 quidem
418 1653 522 1728 virtus,
546 1669 637 1730 quam
651 1669 714 1714 non
727 1653 861 1714 Fortuna
874 1652 1031 1730 gubernet,

138 1749 177 1806 ao
230 1737 314 1814 Quae
327 1744 449 1797 maneat
463 1737 563 1798 stabili
579 1753 648 1798 cum
663 1738 738 1813 fugit
753 1738 804 1798 iiia
819 1737 909 1814 pede.

183 1821 280 1897 Siqua
293 1829 393 1882 tamen
409 1821 498 1897 pretii
512 1821 571 1882 sibi
586 1835 705 1882 meroes
720 1823 789 1899 ipsa
804 1820 899 1898 petiti,

223 1905 320 1982 Inque
334 1921 443 1981 purum
458 1905 545 1965 laede
560 1906 657 1966 ardua
671 1905 763 1968 rebus
780 1905 878 1979 adest,

181 1989 222 2052 Ut
235 1996 356 2066 tempus
370 2005 521 2063 numeres,
544 2004 601 2066 per
617 1991 741 2050 saecula
755 1990 838 2050 nulla
852 1992 976 2063 tacetur,

224 2073 263 2134 Et
275 2074 345 2135 loca
358 2073 502 2134 mirantur
517 2090 578 2149 qua
591 2073 771 2149 puteiorbis
785 2073 850 2132 iter.

137 2157 319 2234 conspicis,
342 2163 375 2217 ut
389 2158 481 2233 longo
495 2163 598 2218 teneat
614 2156 777 2218 laudabilis
793 2172 870 2217 aevo

180 2243 182 2248 “
224 2241 341 2303 Nomen
355 2241 553 2303 inextinctum
566 2240 741 2317 Penelopea
754 2241 854 2301 fidest

155 2389 157 2394 ,
185 2325 299 2400 cernis,
320 2330 354 2385 ut
367 2325 489 2387 Admeti
504 2332 641 2386 cantetur
656 2331 686 2386 et
699 2323 840 2384 Hectoris
855 2337 943 2397 uxor,

225 2410 375 2486 Ausaquc
389 2409 421 2469 in
435 2425 587 2472 accensos
602 2409 706 2485 Iphias
721 2408 766 2468 ire
780 2411 897 2482 rugosa

185 2493 223 2556 Ut
235 2493 319 2554 vivat
334 2494 415 2554 fama
429 2495 563 2555 coniunx
576 2493 751 2571 Phylaceia,
776 2491 864 2551 cuius
896 2529 899 2536 -

137 2585 176 2644 40
228 2578 351 2638 iliacam
366 2577 459 2638 celeri
475 2579 522 2638 vir
535 2578 616 2654 pede
631 2577 746 2652 pressit
757 2575 904 2634 humumt

182 2661 280 2723 Morte
295 2662 368 2723 nihii
384 2677 464 2738 opus
480 2669 527 2723 est
540 2678 598 2738 pro
613 2675 670 2735 me,
694 2660 751 2720 sed
766 2671 870 2718 amore
884 2653 1023 2730 fideque:

224 2745 292 2808 Non
307 2761 346 2806 ex
359 2745 477 2807 difficili
491 2747 574 2806 tamo
587 2743 721 2822 petenda
733 2741 787 2802 tibi
802 2744 864 2800 cst

182 2829 245 2891 Nec
258 2835 290 2890 'te
305 2829 483 2904 credideris,
511 2831 658 2902 quianon
672 2827 758 2902 facis,
781 2826 839 2886 ista
854 2821 981 2882 moneri.

224 2913 304 2975 Veia
318 2913 437 2988 damus,
462 2915 600 2990 quamvis
614 2911 729 2987 remige
744 2908 856 2988 puppis
872 2913 929 2966 cat.

137 3004 173 3060 45
185 2996 243 3073 Qui
257 3005 370 3075 monet,
392 3003 425 3059 ut
438 2998 544 3073 iacias,
568 2997 651 3075 quod
667 2996 727 3056 ianr
742 2994 828 3069 iacis,
850 2991 902 3052 ille
915 2988 1069 3052 monendo
1098 3043 1106 3060 ,

126 3081 132 3090 “
225 3080 345 3147 Laudat
360 3089 393 3146 et
403 3082 526 3144 hortatu
540 3081 721 3160 comprobat
736 3084 804 3142 acta
818 3091 884 3141 suo.

510 3257 706 3271 nq—-nuu-n-
