2524 4004
94 191 174 338 'roa
262 238 264 243 '
425 211 426 219 '
493 201 751 302 unsrun-uu

195 399 245 462 Ad
259 398 388 474 primam
404 408 512 455 vocem
526 393 647 455 timidas
663 391 821 470 advertitis
841 405 940 470 aures,
1002 467 1004 471 ¹
1252 371 1253 390 ¹

132 493 182 548 icc
236 483 274 543 Et
287 481 386 540 visam
399 477 531 554 primum
546 475 679 539 consulit
692 490 789 552 augur
804 491 901 536 avem.
949 526 952 527 ⁷

134 569 136 577 ’
192 565 318 642 Templa
334 563 438 640 patent
452 575 605 639 auresque
622 561 727 642 deum,
745 577 802 621 nec
816 561 921 642 lingua
935 555 1105 625 caducas

147 665 149 669 ·
236 649 328 710 Conci
352 649 374 709 it
388 648 451 708 ulia
464 661 593 726 preces,
607 638 749 722 dictaque
762 637 885 728 pondus
899 645 1035 708 habeut!

194 665 451 794 Desieraffianus.
480 729 644 804 necicnga
657 727 806 789 silentiar
806 729 861 803 eci,
953 801 962 818 x

239 817 329 878 Sedt
317 816 401 892 tetigi
414 813 519 875 uerbis
533 814 638 876 ultima
651 810 747 874 verba
762 813 856 872 meis.

130 888 180 962 185
197 901 289 976 ‘Quid
302 901 367 960 voit
382 899 487 996 palma
500 897 571 958 sibi
572 910 749 972 rugosaque
763 897 879 970 carica,
883 901 894 932 ’
912 884 977 959 dixi

234 983 284 1045 Ει
298 983 371 1044 dara
385 981 442 1044 sub
458 983 549 1043 niveo
566 981 689 1042 condita
702 977 793 1041 mella
808 979 922 1042 cadct’
1045 1038 1048 1044 .

193 1069 315 1132 ‘Omen’
332 1067 373 1128 ait
361 1071 498 1127 t‘causa
511 1071 572 1142 est,
588 1071 622 1126 ιιι
634 1080 685 1126 res
699 1068 795 1142 sapor
809 1060 860 1124 1115
874 1072 1028 1144 sequatur,

233 1151 271 1215 Et
285 1158 411 1228 peragat
426 1157 517 1228 cuept
518 1167 568 1210 um
584 1148 730 1210 dulcist
696 1155 730 1210 ut
744 1165 843 1212 annus
859 1148 938 1210 iter!
1086 1210 1089 1218 ,

165 1229 316 1299 ‘Dulcia
331 1249 385 1296 cur
399 1236 471 1296 deut
459 1243 521 1310 tur,
536 1233 639 1294 video.
668 1231 757 1308 stipis
772 1231 861 1293 adice
877 1208 1010 1310 causam,

131 1331 181 1399 190
237 1321 311 1382 Pars
329 1319 401 1380 mihi
416 1319 454 1380 de
469 1320 548 1378 iesto
563 1333 602 1377 ue
617 1317 699 1378 labet
712 1307 774 1377 ulla
787 1321 864 1379 tuu’

193 1405 288 1479 Risit,
304 1411 334 1466 et
348 1403 384 1463 ‘0
402 1419 493 1478 quarn
509 1409 539 1464 te
555 1401 662 1464 faliunt·
674 1407 726 1463 tua
742 1403 894 1478 saecula?
910 1401 1037 1462 dixit

132 1487 133 1490 ’
205 1540 207 1543 .
237 1489 306 1563 ‘Qui
323 1487 402 1564 stipe
416 1487 477 1549 mel
490 1493 612 1562 sumpta
627 1485 746 1546 dulcius
762 1501 835 1548 esse
849 1492 956 1562 putas!

194 1573 257 1634 Vix
269 1588 327 1650 ego
343 1571 397 1633 Sat
385 1577 474 1631 utmo
492 1583 676 1647 quemquam
688 1577 836 1646 regnante
850 1569 1001 1642 videbam,

239 1656 331 1720 uuus
347 1671 410 1716 uon
425 1655 526 1716 animo
541 1653 642 1716 dulcia
656 1655 741 1714 lucra
755 1653 864 1715 forent.

135 1746 183 1802 195
196 1741 346 1817 Tempore
360 1739 456 1800 creuit
470 1753 556 1799 amur
562 1739 639 1815 ,qui
654 1753 733 1798 nunc
748 1745 796 1798 est
810 1753 962 1813 summus,
985 1735 1129 1822 habendi

236 1825 298 1885 Vix
312 1825 412 1897 ultra,
423 1838 484 1899 quo
499 1823 560 1883 iam
577 1821 804 1920 progrediatur,
813 1821 921 1883 ·.habet
977 1877 979 1882 .
1139 1852 1141 1860 ·

194 1909 293 1970 Pluris
307 1923 387 2006 5555
402 1924 483 1968 nunc
498 1913 569 1968 sunt
575 1922 690 1984 ,quam
704 1906 799 1983 prisci
812 1905 958 1988 temporis
974 1903 1111 1986 aunis,
1170 1923 1172 1928 ·
1252 1889 1253 1936 3

237 1991 318 2054 Duni
324 1973 465 2069 populus
481 2005 613 2070 pauper,
630 1991 703 2052 dum
718 2005 800 2050 nava
813 1991 911 2053 Roma
927 1982 996 2052 Ιιιιιι.

196 2079 274 2140 Dum
290 2091 364 2138 casa
376 2073 576 2154 Martigenam
591 2070 732 2151 capiebat
747 2090 843 2150 parva
858 2074 1043 2149 Quirinum,
1092 2078 1094 2082 ’

131 2174 184 2228 200
240 2161 276 2221 Et
294 2160 386 2221 dabat
374 2161 543 2238 tertiguum
559 2157 693 2221 fluminis
709 2160 807 2220 ulvat
795 2165 905 2220 ι.οιιιιιι
1013 2221 1015 2228 ,
1090 2153 1091 2157 ’

198 2245 334 2324 Iuppiter
348 2252 479 2320 angusta
491 2242 545 2304 vix
561 2251 643 2306 totus
659 2243 781 2304 stabat
773 2259 804 2302 m
818 2243 905 2320 aede,
998 2307 1003 2312 ,
1107 2311 1109 2315 ,

238 2329 335 2405 Inque
349 2330 433 2389 Iovis
451 2329 558 2389 dextra
571 2328 664 2389 fictile
678 2327 793 2389 fulmen
808 2328 882 2388 erat.
968 2381 970 2387 ,

196 2413 369 2476 Fraudibus
384 2407 548 2487 ornabant,
557 2427 647 2510 quae
660 2427 742 2472 nunc
757 2411 904 2489 capitalia
918 2403 1053 2486 gemmis,

240 2495 451 2573 Pascebatque
466 2511 540 2558 suas
556 2497 625 2572 ipse
640 2502 764 2556 senatur
779 2509 865 2580 oves
1070 2562 1073 2567 ,

134 2589 185 2644 505
199 2581 262 2644 Ν55
274 2578 391 2657 pudor,
407 2581 437 2641 in
450 2579 562 2656 stipula
576 2577 729 2656 placidam
744 2573 867 2655 cepisse
882 2579 953 2654 quie
952 2585 1013 2638 tem

240 2666 281 2726 Et
292 2665 416 2726 suenum
431 2665 522 2740 capiti
538 2663 745 2741 supposuIsse
759 2663 824 2725 ιιιιι.
858 2662 860 2676 “
1001 2720 1003 2726 .

197 2751 268 2811 Iura
284 2749 376 2812 dabat
390 2747 514 2826 populis
530 2749 632 2825 positu
646 2748 739 2809 modo
754 2753 878 2824 praetor
892 2749 1032 2822 aratro,

239 2833 277 2894 Et
290 2833 369 2893 levis
384 2831 500 2908 argenti
516 2833 659 2893 lammina
674 2831 788 2892 crimen
803 2837 877 2891 erat.

198 2919 238 2978 Αι
253 2923 419 3014 postquam
433 2917 556 2978 fortuna
569 2916 629 2978 luci
644 2923 735 2992 caput
750 2905 861 2978 extulit
871 2913 971 2988 huius,

135 3015 187 3070 210
242 2999 336 3060 Ett
293 3007 336 3060 tet
337 2999 390 3076 igit
405 3015 523 3062 summu
539 3002 653 3060 vertice
667 3001 766 3060 Roma
782 2995 869 3070 deus,

201 3084 369 3145 creverunt
383 3087 413 3144 et
427 3097 503 3160 opes
520 3089 550 3144 et
565 3100 658 3161 opum
672 3083 790 3144 furiosa
792 3043 928 3168 ιιιριιιο,

238 3167 291 3241 Et,
308 3181 375 3228 cum
391 3168 573 3244 possideant
586 3165 732 3245 plurima,
750 3155 839 3243 pidra
854 3169 975 3245 5.51ιιιιι
1039 3225 1043 3234 ,
1071 3229 1086 3238 ,

199 3251 364 3326 Quaerere,
380 3258 412 3312 ut
425 3251 599 3327 absumant,
616 3251 769 3328 abrumpi
760 3267 778 3311 a
791 3248 949 3348 requirere
965 3253 1089 3336 certant,

61 3339 97 3354 ““
240 3335 364 3412 Atque
355 3328 445 3434 rp'sae
454 3335 539 3395 vitiis
555 3342 626 3397 sunt
640 3335 763 3396 aliment
751 3342 783 3396 ta
796 3335 902 3401 vices.

104 3464 107 3472 ,
133 3423 184 3484 215
200 3419 251 3478 Sic
267 3418 401 3494 quibus
393 3435 423 3478 m
425 3417 531 3478 tumuit
519 3410 664 3486 tsu'ffusa
677 3425 750 3484 vent
752 3433 785 3480 er
738 3417 838 3483 tab
853 3393 947 3492 nuda,

243 3502 308 3575 Quo
324 3503 394 3578 plus
410 3507 480 3562 sunt
495 3509 600 3579 uotae,
615 3503 685 3578 plus
701 3493 841 3566 sitiuntur
857 3505 968 3577 aquae'
