2520 4008
128 201 190 267 tbi
415 235 416 238 κ
521 198 581 262 EX
600 195 749 259 PONTO

252 353 418 429 Pluraque,
436 351 463 413 si
478 365 637 426 numeres,
651 349 748 412 verba
761 351 848 412 inere
864 350 973 427 gradu

212 438 314 514 Saepe
328 436 395 498 dies
410 451 553 498 sermone
567 434 666 496 minor
681 433 744 494 fuit.
774 435 867 509 inque
882 434 1073 509 loquendum

251 519 352 584 Tarda
366 536 422 598 per
434 519 572 582 ¹aestivos
586 517 688 579 detuit
701 516 779 579 hora
794 517 873 578 dies.

210 605 266 668 Est
280 603 413 682 aliquid,
429 619 521 666 easus
535 602 650 681 pariter
663 601 804 664 timuisse
818 603 963 679 marinos,

157 703 194 758 40
251 689 419 764 lunataque
434 688 475 748 ad
489 699 663 764 aequoreos
680 691 755 747 vote
768 685 878 748 tulisse
894 686 986 748 deos=

209 773 247 834 Et
262 772 355 834 modo
370 787 421 832 res
437 772 541 846 egisse
556 769 661 844 simul,
677 768 771 830 modo
787 783 896 830 rursus
912 769 1024 834 abillis

189 871 190 876 ’
253 856 389 932 Quorum
402 870 465 914 non
483 853 614 930 pudeat,
632 868 728 930 posse
742 853 857 917 referre
872 854 970 916 iocos.

210 941 294 1000 Haeo
308 939 362 999 tibi
383 953 453 1000 omn
467 939 613 1011 subeant,
628 937 729 1000 absim
742 937 828 1011 iicet,
845 937 986 1002 omnibus
1001 941 1090 1002 annis

252 1024 332 1084 Ante
346 1029 417 1085 tuos
433 1021 556 1100 oculos,
572 1029 605 1083 ut
617 1021 716 1088 modo
727 1022 830 1095 visus,
846 1037 910 1086 ero.

158 1117 197 1172 45
211 1108 283 1184 Ipse
299 1107 420 1183 quidem
438 1113 519 1167 certe
532 1123 602 1168 oum
616 1106 674 1167 sim
687 1106 747 1168 sub
761 1105 888 1170 sardine
902 1108 1016 1183 mundi,
1103 1138 1148 1156 ·-

250 1190 307 1266 Qui
321 1206 445 1268 semper
459 1190 583 1268 liquidis
598 1189 688 1251 altior
701 1195 785 1252 extat
799 1190 899 1273 aquia,

210 1273 252 1337 Te
268 1282 370 1336 temen
385 1275 505 1336 intueor
521 1289 583 1351 quo
599 1274 667 1335 solo
681 1280 808 1349 pectore
823 1290 962 1350 possum,

125 1419 133 1434 ,
248 1358 287 1420 Et
299 1366 401 1420 tecum
415 1357 518 1434 gelido
534 1373 630 1435 saepe
646 1358 704 1420 sub
720 1373 780 1422 axe
793 1359 914 1434 loquor.

210 1442 332 1518 ilices,
350 1451 380 1504 ot
395 1443 529 1518 ignoras
556 1449 586 1503 et
600 1441 676 1504 ades
693 1440 910 1506 celeberrimus
926 1443 1052 1506 absens=

161 1533 197 1588 50
251 1528 348 1602 Inque
363 1526 455 1588 Getas
470 1525 573 1590 media
587 1527 692 1588 iussus
706 1523 745 1586 ab
760 1524 844 1587 Urbe
857 1527 955 1588 venis.

208 1610 317 1673 Redde
330 1610 445 1684 vicem,
461 1615 506 1683 et,
516 1611 667 1688 ‘quoniam
685 1609 772 1686 regio
787 1609 905 1672 ielioior
918 1609 978 1674 ista
992 1619 1047 1686 est,

251 1695 323 1756 istie
336 1710 385 1756 me
399 1694 525 1756 memori
539 1700 666 1772 pectore
680 1708 804 1771 semper
819 1693 909 1760 habe.

128 1877 196 1973 il·
254 1913 387 1975 nuno.

212 1994 284 2092 flor
297 2031 366 2107 tibi,
380 2032 475 2108 Ruie,
489 2030 576 2094 brevi
592 2039 792 2110 properatum
807 2040 946 2109 tempore
960 2031 1047 2094 mittit

248 2115 346 2191 Naso,
362 2132 471 2192 parum
486 2113 606 2179 faustae
621 2116 764 2180 oouffltor
776 2117 876 2191 Artis,
892 2131 991 2193 opus:

208 2199 261 2269 Ut,
279 2216 466 2276 quamquam
480 2200 572 2276 longe
586 2207 651 2264 toto
666 2217 773 2264 suiuus
789 2199 865 2264 orbe
879 2201 996 2275 remoti,

249 2281 334 2344 Scire
351 2290 452 2346 tamen
466 2284 572 2361 possis
587 2301 646 2346 nos
661 2285 838 2350 meminisse
853 2287 905 2348 tui.

177 2373 194 2424 5
208 2365 344 2426 Nominis
359 2374 431 2428 ante
444 2369 504 2430 moi
519 2368 643 2430 veniant
658 2369 772 2432 oblivia
786 2369 886 2444 nobie,

247 2449 375 2511 Pectore
391 2466 483 2527 quant
499 2451 598 2527 pietas
615 2453 654 2514 sit
668 2459 721 2516 tuo
735 2455 826 2530 pulsa
840 2468 919 2514 meo.

206 2533 245 2594 Et
260 2534 344 2609 prius
359 2533 439 2596 hane
453 2535 585 2596 animam
601 2551 716 2598 vacuas
731 2537 898 2600 reddemus
914 2537 945 2596 in
958 2550 1062 2610 auras,

250 2616 346 2692 Quam
360 2618 414 2678 fiat
427 2619 525 2680 meriti
539 2621 637 2696 gratia
651 2621 798 2684 venatui.

208 2700 331 2763 Grande
345 2717 425 2765 voeo
440 2703 582 2768 lacrimas
597 2705 752 2778 meritum,
772 2703 885 2781 quibus
901 2719 956 2768 ora
969 2701 1105 2779 rigabas,

159 2797 193 2852 lo
246 2785 321 2848 Cum
335 2802 404 2848 mea
418 2795 562 2850 senoreto
579 2788 662 2849 sicea
677 2789 785 2850 dolore
799 2789 908 2850 iorem.

206 2869 330 2930 Grande
344 2885 424 2931 voco
439 2871 577 2934 meritum
592 2879 733 2936 maestae
745 2872 863 2935 solaria
877 2871 996 2945 mentis,

247 2953 450 3030 compariter
466 2955 556 3020 nobis
572 2955 625 3018 ilia
638 2955 754 3034 tibique
769 2957 872 3020 dares.

206 3035 324 3112 Sponte
339 3037 464 3113 quidem
478 3054 534 3115 per
549 3055 648 3117 seque
662 3057 731 3102 mea
745 3047 793 3104 est
807 3039 971 3106 laudabilis
985 3053 1086 3102 uxor:

245 3119 415 3184 Admonitu
427 3123 537 3184 melior
549 3122 585 3186 dt
596 3131 698 3192 tamen
712 3125 765 3186 illa
778 3132 843 3188 tuo.

156 3211 190 3264 15
204 3201 342 3280 Namque
358 3205 442 3281 quod
457 3206 640 3270 Hermiones
655 3209 763 3270 Castor
778 3210 849 3284 iuit,
864 3208 979 3272 Heotor
992 3205 1059 3277 iuli,

235 3287 303 3347 Hoe
316 3303 375 3364 ego
390 3294 421 3349 te
437 3289 535 3351 laetor
549 3291 689 3368 coniugis
704 3307 777 3354 esse
791 3307 890 3356 meae.

201 3368 299 3443 Quae,
315 3385 354 3430 ne
369 3371 527 3434 dissimilis
542 3373 596 3434 tibi
611 3375 651 3436 sit
664 3375 831 3452 probitate,
847 3375 976 3449 laborat,

245 3452 348 3528 Seque
362 3456 404 3519 toi
418 3457 481 3518 vita
496 3457 657 3534 sanguinis
671 3473 742 3522 esse
757 3459 880 3538 probat
