2520 4012
470 225 524 300 ιιι,
545 223 580 298 5,
602 221 701 298 8-6,
725 222 775 288 aa.
1086 225 1128 290 rs

234 381 418 441 caesareum
433 383 525 450 caput
540 385 594 448 est,
612 377 697 452 quod
712 383 804 453 eaput
819 375 902 436 orbis
917 368 999 438 erati

192 465 260 526 Non
275 461 392 535 aliquid
407 459 479 530 dixi,
495 460 691 536 violentaque
706 461 808 536 lingua
822 463 925 521 locuta
938 469 994 536 est,

235 548 402 622 Lapsaque
417 549 489 604 sunt
504 543 595 605 nimio
611 545 705 604 verba
721 548 851 619 profana
865 556 959 603 mero.

193 631 295 692 lnscia
311 629 395 704 quod
412 628 525 688 crimen
541 627 682 688 viderunt
696 629 817 701 lumina,
833 631 960 702 plector,

142 727 180 778 50
234 713 459 787 peccatumque
474 711 582 772 aniles
597 719 644 773 est
658 713 805 772 habuisse
819 727 928 772 meum.

194 798 260 857 Non
274 797 417 872 equidem
432 801 526 856 tetam
541 810 672 869 pessum
686 795 850 856 defendere
867 796 1001 870 cuipamr

235 880 297 941 Sed
310 887 430 955 partem
444 877 542 940 nostri
557 879 691 939 criminis
706 894 793 942 emer
806 880 906 940 habet.

172 969 179 976 '
195 963 275 1041 Spes
290 965 381 1039 igitur
396 968 549 1038 superest,
565 963 724 1037 facturum,
738 971 771 1024 ut
784 965 898 1024 mofiiat
912 964 980 1038 ipse

232 1047 337 1108 Mutati
352 1063 485 1122 poenam
500 1045 683 1108 condicione
697 1048 767 1107 loci.

143 1138 178 1192 55
192 1131 280 1193 Hune
295 1131 409 1191 utinam
425 1129 511 1190 nitidi
526 1129 608 1190 Solis
622 1131 820 1206 praenuntius
836 1138 935 1190 ortum

230 1215 349 1276 Afferat
362 1217 500 1276 admisse
517 1213 639 1276 Lucifer
653 1214 739 1274 albus
755 1223 851 1290 equo!

130 1349 172 1442 6.
190 1345 321 1445 Foedus
337 1367 487 1443 amicitiae
501 1397 559 1443 nee
572 1381 629 1456 vis,
646 1383 811 1458 carissime,
827 1386 958 1456 nostrae,

231 1469 294 1528 Nec
309 1467 335 1527 si
351 1467 430 1527 forte
442 1465 530 1538 velis,
547 1465 740 1526 dissimulare
757 1473 855 1542 potes.
948 1478 957 1494 ·

192 1553 297 1613 Donec
313 1551 393 1612 enim
407 1550 498 1624 licuit,
514 1563 572 1609 nee
585 1557 616 1609 te
630 1549 702 1610 mihi
718 1552 817 1611 carior
832 1552 916 1624 alter,

232 1637 294 1696 Nee
307 1635 362 1695 tibi
376 1647 425 1694 me
439 1640 503 1694 tota
516 1633 648 1694 iunctior
660 1634 744 1696 Urbe
759 1636 822 1694 fuit

163 1721 287 1796 afsque
302 1724 483 1793 eretusque
497 1718 575 1779 adeo
591 1719 707 1794 pnpufo
723 1725 862 1793 testatus,
878 1726 911 1778 ut
926 1726 1010 1780 esset

233 1804 334 1866 Paene
350 1802 448 1877 magis
465 1817 556 1877 quam
570 1810 612 1877 tu,
629 1817 783 1878 quamque
798 1818 866 1878 ego,
881 1811 972 1864 notus
988 1799 1082 1864 amer.

136 1922 178 1932 -
194 1887 311 1964 Quique
329 1892 395 1947 erat
408 1887 439 1946 in
455 1887 535 1946 caris
550 1887 642 1946 animi
656 1887 709 1946 tibi
726 1886 841 1947 candor
856 1886 970 1959 amicis

140 2006 176 2016 --
236 1972 381 2046 cognitus
396 1977 443 2030 esf
456 1970 526 2045 ipsi,
544 1986 633 2046 quem
649 1971 734 2042 colis,
750 1972 808 2032 iste
822 1971 899 2030 vire.

187 2057 236 2118 Nil
249 2057 291 2116 ita
305 2054 437 2126 celabas,
452 2061 560 2114 utnon
576 2067 634 2129 ego
650 2055 793 2114 conscius
808 2069 919 2127 essem,

143 2148 178 2201 ιο
230 2139 473 2224 Pectoribusque
488 2138 585 2198 dabas
600 2140 693 2198 muita
707 2138 840 2212 tegenda
853 2137 946 2196 meisa

184 2223 301 2300 Cuique
316 2239 373 2298 ege
391 2222 553 2282 narrabam
569 2222 679 2282 secreti
696 2219 843 2297 quiequid
857 2219 1015 2296 habebam,

227 2308 366 2382 Excepto
382 2307 467 2380 qued
480 2321 530 2365 me
544 2305 684 2380 perdidit,
702 2321 782 2366 unus
797 2319 877 2365 eras.

191 2391 226 2452 Id
243 2392 409 2467 quoquest
423 2391 549 2464 scisses,
565 2391 652 2451 salvo
667 2391 803 2450 fruerere
818 2387 925 2463 sodali,

143 2483 177 2539 ιι
235 2475 432 2551 consilioque
446 2475 542 2535 forem
559 2485 680 2548 sospes,
696 2473 801 2545 amice,
818 2480 879 2534 tuo.
953 2493 958 2500 ⁸

134 2593 178 2603 —
193 2558 256 2619 Sed
269 2575 338 2620 mea
352 2575 401 2618 me
415 2559 444 2618 in
461 2573 593 2634 poenam
607 2559 747 2617 nimirum
761 2559 821 2616 fata
835 2554 1004 2616 trahebant.

134 2673 178 2688 —-
235 2642 331 2704 Omne
344 2643 445 2704 bonae
461 2641 606 2702 claudunt
620 2642 755 2702 utilitatis
771 2642 836 2700 iter.

190 2725 263 2787 Sive
273 2729 385 2787 maium
400 2727 485 2802 potui
499 2734 598 2787 tamen
613 2725 674 2785 hoc
688 2725 784 2788 vitare
799 2721 946 2795 cavendo,

231 2810 293 2872 Seu
307 2811 384 2871 ratio
400 2811 494 2870 fatum
508 2810 632 2870 vincere
646 2809 729 2868 nulia
742 2808 837 2867 valet:

162 2885 172 2901 ‘
191 2893 236 2956 'fn
249 2902 359 2968 tamen,
377 2908 395 2956 e
411 2895 501 2956 nobis
516 2909 576 2955 usu
591 2891 779 2954 iunctissime
793 2892 895 2966 fongo,

141 2989 177 3042 ao
230 2977 304 3039 Pars
321 2978 465 3040 desiderii
480 2979 612 3038 maxima
628 2991 725 3052 paene
739 2976 807 3048 mei,

194 3061 245 3123 Sis
259 3078 385 3137 memor,
400 3071 431 3123 et
444 3062 550 3137 siquas
567 3061 639 3120 fecit
653 3059 706 3120 tibi
721 3059 818 3133 gratia
833 3060 924 3130 vires,

234 3147 305 3208 Ilias
321 3157 378 3222 pre
393 3147 483 3208 nobis
498 3146 668 3222 experiare,
683 3159 769 3218 rego,

192 3230 329 3291 Numinis
345 3237 379 3292 ut
392 3231 468 3291 laesi
483 3230 536 3290 fiat
549 3229 737 3289 mansuetior
753 3228 806 3296 ira,

235 3313 417 3392 Mutatnque
430 3313 528 3374 minor
542 3315 582 3374 sit
594 3327 663 3372 mea
678 3325 780 3387 poena
795 3313 874 3371 ioco.

141 3397 355 3474 reinquere,
372 3400 399 3458 si
413 3399 529 3458 nullum
545 3399 647 3458 scelus
664 3397 754 3456 estin
772 3402 898 3470 pectere
913 3400 1028 3466 nostre,

234 3481 482 3560 Principiumque
495 3481 554 3542 mei
570 3480 703 3540 criminis
719 3493 805 3538 error
818 3477 918 3536 habet.
963 3512 966 3519 ·
