2524 4004
134 209 199 276 ¹182
537 205 796 268 llx‘pultru‘

260 361 363 424 Gratia
378 377 470 439 quam
484 360 581 436 meriti
595 361 696 436 possit
710 345 895 421 abiretuM'
964 405 965 408 ¹
999 403 1002 408 .

170 455 205 512 la
219 447 303 508 Haec
318 445 370 508 ubi
385 445 539 519 dixeritis,
554 450 658 506 seruet
673 458 730 504 sua
744 443 841 518 duna,
857 439 980 522 rugata-2
1044 505 1045 508 ,
1068 449 1080 528 j

156 553 158 556 ·
259 529 311 591 Sic
325 529 415 592 luerit
429 536 550 592 vestrae
565 543 660 590 causa
674 528 896 604 peractauiae
950 603 951 606 Ἴ
1044 587 1045 590 ,

563 669 749 682 -.ψ--μ

166 721 207 816 t.
257 747 423 812 saura.

122 917 125 920 .
224 835 326 942 Quam
340 868 432 945 legis,
449 882 489 928 cx
504 866 564 928 illis
578 866 632 928 tibi
642 867 726 928 venit
739 865 884 944 epistola,
899 865 1000 945 Brute,
1047 933 1049 936 ,
1148 875 1149 878 ’
1255 869 1256 954 3

119 955 128 972 ⁴
257 955 411 1017 Nasonem
425 951 524 1012 nolles
538 951 570 1011 in
584 951 781 1027 quibus-esse
795 951 883 1010 locis.
987 1009 988 1012 ,
1255 955 1256 990 ι

217 1033 281 1100 Sed
294 1044 328 1100 ιιι
343 1037 427 1112 quud
441 1036 555 1109 nolles,
575 1033 970 1098 voluitmiserabilelatum.

255 1121 292 1181 Ei
310 1121 397 1183 mihi!
413 1119 484 1198 plus
499 1119 588 1195 illud,
605 1135 695 1196 quam
708 1126 762 1180 tua
776 1120 864 1191 vcta,
880 1120 970 1179 valet

191 1219 207 1270 5
220 1207 253 1266 ln
269 1203 397 1284 Scythia
410 1202 500 1266 aubis
516 1203 722 1279 quinquennis
737 1201 892 1278 olympias
906 1208 976 1264 acta
988 1207 1050 1264 ests

261 1291 350 1350 lami
337 1295 458 1364 tempus
473 1285 560 1348 lustri
574 1287 682 1348 transit
694 1287 726 1347 in
741 1286 876 1346 alterius.

217 1350 337 1437 Perstat
352 1372 432 1432 enlm
446 1371 568 1434 fortuna
581 1377 673 1432 tenax
681 1369 849 1446 ,vatisque
863 1369 1026 1446 malignum
1073 1401 1075 1406 ,

261 1456 399 1534 Oppunlt
412 1456 526 1516 nastris
540 1449 692 1516 insidic'sa
705 1453 828 1530 pedem

220 1541 326 1602 Certus
343 1553 412 1600 cras
428 1555 484 1614 pro
500 1554 563 1614 me,
577 1537 690 1599 Fabiae
705 1539 773 1614 lux,
787 1535 936 1610 Maxime,
954 1537 1063 1613 gentis

171 1643 207 1698 10
259 1624 376 1684 Numen
392 1622 433 1683 ad
446 1585 619 1698 Augustum
633 1622 775 1710 supplice
788 1635 868 1683 vcce
882 1620 978 1695 loqui.

221 1707 343 1772 Occidis
355 1712 425 1767 ante
436 1721 556 1782 preces
571 1719 760 1793 causamque
774 1720 843 1781 ego,
857 1703 999 1777 Maxime
1013 1703 1155 1766 mortis...

259 1791 323 1852 Nec
336 1783 453 1852 fueram
466 1792 573 1852 tanti..
587 1805 636 1852 me
650 1805 721 1851 rcur
735 1804 807 1851 esse
820 1796 901 1850 tuae.

219 1874 283 1936 lam
295 1875 386 1934 timec
406 1881 540 1936 nostram
554 1875 697 1952 cuiquam
709 1873 858 1934 mandare
871 1873 1013 1934 salutem.

259 1959 366 2034 Ipsum
379 1958 859 2021 manetuaccnciditcuxllium.
1090 1963 1092 1968 ’

171 2054 204 2109 ιι
219 2043 369 2119 caeperat
383 2042 541 2120 Augustus
556 2033 710 2118 deceptae
718 2042 882 2118 ignoscere
895 2039 1020 2117 culpae·
1110 2047 1113 2051 “

260 2123 355 2202 spem
369 2133 504 2188 nostram
519 2134 616 2188 terras
631 2125 830 2203 deseruitque
844 2124 943 2186 simul.

219 2211 314 2286 Quale
328 2216 429 2270 tamen
442 2211 544 2288 patui,
561 2210 602 2271 de
615 2210 739 2286 caelite,
753 2209 861 2284 Brute,
875 2209 991 2269 recenti

161 2309 174 2326 ι
258 2293 372 2354 Vestra
384 2296 493 2369 procul
503 2294 628 2371 positus
641 2301 767 2376 carmen
780 2293 813 2352 ln
826 2307 883 2354 cra
896 2291 977 2352 dedi

121 2446 133 2458 ‚
219 2377 304 2450 Quae
322 2377 421 2452 prosit
434 2379 533 2454 pietas
548 2378 663 2458 utinam
676 2375 765 2452 mihi,
781 2373 881 2452 sitque
895 2375 1046 2454 malcrum

170 2477 206 2530 ιο
257 2459 321 2520 lam
334 2460 445 2522 modus
460 2467 491 2521 et
504 2475 613 2522 sacrae
627 2461 729 2522 mitior
740 2461 788 2522 ira
799 2461 926 2521 dumus!

218 2542 261 2604 Ta
276 2557 402 2619 qnoque
417 2543 499 2604 idem
513 2543 631 2622 liquido
646 2559 776 2621 possum
790 2543 1036 2620 insumpseram,

165 2633 168 2640 '
261 2625 373 2688 Omiiri
387 2643 449 2688 non
463 2627 559 2689 dubia
577 2629 701 2705 cognite
714 2627 808 2692 Brute
822 2633 904 2690 nata
1028 2679 1029 2682 ,

218 2711 293 2772 llam
308 2727 376 2772 cum
391 2711 579 2788 praestiteris
592 2727 700 2775 verum
712 2712 786 2772 ιιιιιιι
801 2725 925 2788 semper
942 2723 1087 2808 amorem,

257 2794 315 2856 llic
328 2801 429 2856 tamen
444 2795 578 2858 adverso
592 2803 731 2874 tempore
744 2797 842 2858 crevit
854 2790 987 2856 annui.

167 2889 202 2942 ιι
216 2879 335 2956 Quique
348 2884 418 2940 tuas
434 2879 548 2956 paritur
562 2881 705 2942 lacrimas
718 2887 905 2957 nostrasque
917 2844 1044 2952 videret,

256 2961 409 3024 Passurus
425 2978 557 3038 poenam
571 2963 711 3026 crederet
724 2977 797 3026 esee
813 2963 903 3026 duos

216 3045 330 3104 Lenem
343 3050 374 3106 te
389 3047 509 3110 miseris
523 3048 627 3128 genuit
642 3056 759 3110 natura.
789 3061 847 3109 nec
861 3047 915 3110 ulli

258 3127 385 3190 Mitius
377 3131 545 3207 ingenium,
550 3147 653 3210 quarn
667 3131 736 3212 tibi,
751 3132 860 3206 Brute,
876 3122 1011 3192 dedit·

217 3211 256 3274 Ut
272 3211 339 3288 qui,
356 3213 430 3290 quid
444 3217 565 3289 valeas,
576 3217 716 3314 ignoret,
732 3215 837 3278 Marte
844 3214 971 3286 lurensi,
1057 3229 1058 3232 ¹

165 3297 201 3354 ιιι
254 3293 352 3356 Posse
365 3303 417 3358 ιιιο
433 3301 539 3375 peragi
553 3300 606 3360 vix
619 3306 706 3376 putet
721 3310 775 3361 ore
789 3315 873 3361 reus.
942 3357 943 3362 ,

214 3375 336 3438 Scilicet
350 3379 488 3442 ciusdem
502 3390 550 3442 est
556 3383 721 3459 ,quamvis
736 3399 875 3460 pugnare
889 3380 1020 3454 videtur,

253 3459 453 3536 supplicibus
468 3463 603 3543 facilem,
620 3466 761 3568 sontibus
776 3481 850 3530 esse
863 3474 990 3530 trucem.
