2520 4012
461 253 501 325 11,
524 250 680 316 36-111.

180 406 306 480 Ingenio
323 405 431 464 laudes
443 405 586 464 uberiore
599 411 720 466 canunt.

89 499 125 555 75
140 488 204 551 Sed
215 498 325 562 tamen,
343 494 377 548 ut
387 489 457 548 tuso
470 497 626 550 taurorum
642 491 791 565 sauguine
804 500 933 563 centum,

184 572 235 634 Sic
251 573 370 648 capitur
383 572 508 632 minimo
521 573 596 632 turis
612 572 729 634 honore
745 574 832 636 deuo.

139 658 184 716 A!
207 657 290 716 ierus
305 664 335 717 et
345 656 435 717 nobis
449 657 572 716 nimium
585 657 749 719 crudeliter
761 657 868 730 hostis,

182 741 315 802 Delicias
327 741 400 814 legit
415 741 467 813 qui
478 740 531 800 tibi
543 757 676 815 cumque
692 757 791 802 meas:

141 825 280 884 Carmina
294 839 333 882 ne
348 826 461 884 nostris
478 839 557 898 quae
573 832 603 884 te
620 827 796 886 venerantia
812 825 897 888 libris
1032 859 1073 872 --

90 919 127 975 eo
181 908 295 968 Indicio
309 908 430 983 possint
443 907 621 968 candidiore
633 909 704 984 legi.
920 983 924 991 ¹

141 991 222 1051 Esse
234 991 292 1051 sed
303 991 379 1052 irato
394 992 463 1066 quis
477 997 506 1051 te
518 991 591 1051 mihi
606 999 715 1066 posset
727 991 864 1053 amicust

180 1075 242 1134 Vix
255 1065 328 1135 tunc
342 1076 411 1150 ipse
425 1075 496 1134 mihi
508 1091 570 1136 non
584 1076 723 1136 inimicus
734 1092 827 1136 cram.

142 1158 218 1218 Cum
230 1159 332 1232 coepit
344 1164 492 1233 quassata
506 1159 616 1218 domus
632 1160 802 1236 subsidere,
818 1168 922 1234 portes

182 1243 216 1301 In
232 1243 419 1316 proeliantes
432 1257 521 1303 omno
533 1243 682 1302 recumbit
693 1257 780 1317 onus,

89 1331 123 1384 85
138 1326 315 1401 Cunctaque
327 1327 449 1387 fortuna
464 1326 570 1386 rimam
583 1327 713 1388 iaciente
726 1327 895 1388 dehiscunt.

89 1439 130 1450 -
182 1410 255 1484 Ipse
267 1427 325 1470 suo
339 1410 473 1486 quodam
486 1411 624 1484 pondere
634 1418 730 1470 tracta
741 1417 841 1470 ruunt.

135 1493 219 1568 Ergo
235 1493 390 1554 hominum
402 1495 574 1568 quaesitum
588 1494 691 1556 odium
703 1494 777 1554 mihi
793 1494 934 1566 carmine,
949 1511 1072 1572 quaque

180 1577 300 1653 Debuit,
317 1584 364 1638 est
378 1579 481 1638 vultus
494 1578 583 1640 turba
596 1587 701 1640 secute
711 1587 792 1639 tuos.

46 1665 53 1674 '
137 1661 180 1721 At
190 1662 320 1735 memini,
335 1660 491 1736 vitamque
505 1677 605 1722 meam
620 1678 787 1736 moresque
801 1661 956 1736 probabas
1033 1687 1038 1694 ·

88 1749 124 1806 90
177 1746 241 1818 Ilio,
257 1759 346 1819 quem
358 1744 499 1819 dederas;
515 1747 738 1821 praetereuntis
753 1761 845 1821 equo.

80 1859 124 1872 -
138 1827 228 1902 Quod
240 1830 266 1888 si
277 1845 337 1889 non
349 1829 478 1903 prodest
492 1837 522 1889 ct
534 1827 657 1890 honesti
668 1829 764 1905 gratia
776 1831 859 1891 nulia

81 1943 122 1954 -
179 1913 335 1986 Redditur,
348 1919 379 1972 at
395 1915 510 1973 nullum
523 1913 635 1973 crimen
649 1915 780 1988 adeptus
792 1929 885 1974 eram.

130 1997 194 2056 Nec
211 1999 289 2056 male
300 1997 465 2058 commissa
477 2003 524 2056 est
536 1996 626 2058 nobis
640 1997 762 2058 fortuna
775 2013 895 2058 reorum

173 2079 291 2154 Lisque
302 2080 407 2140 decem
419 2081 545 2140 deciens
556 2081 748 2159 inspicienda
760 2081 844 2140 virio.

87 2172 123 2226 95
136 2164 201 2224 Res
217 2177 342 2239 quoque
353 2161 490 2238 privatas
502 2163 593 2225 stetui
610 2165 678 2224 sine
690 2162 816 2223 crimine
827 2163 931 2232 iudex,

178 2247 289 2322 Deque
298 2261 367 2307 mea
378 2248 464 2308 sassa
478 2255 527 2308 est
540 2263 612 2322 pars
629 2262 754 2322 quoque
765 2247 845 2306 victe
858 2244 928 2305 fide.

134 2331 185 2390 Me
196 2332 358 2391 miserum!
374 2332 469 2406 potui,
483 2332 509 2392 si
524 2347 585 2392 non
598 2338 734 2391 extrema
749 2336 905 2402 nocerent,

172 2413 288 2474 Iudicio
303 2422 387 2475 tutus
401 2415 574 2476 non'scmel
589 2431 662 2476 esse
674 2422 736 2475 tuo.

59 2531 62 2538 ·
132 2496 245 2558 Ultima
260 2513 310 2558 me
322 2499 464 2574 perdunt
477 2499 601 2574 imoque
613 2499 671 2560 sub
685 2511 821 2573 aequore
833 2496 942 2570 mergit

77 2591 126 2643 100
179 2582 364 2642 incolumem
377 2581 489 2643 totiens
502 2599 564 2643 una
575 2583 712 2657 procella
724 2588 830 2641 ratem.

137 2665 201 2724 Nec
212 2663 285 2724 mihi
298 2681 371 2740 pars
385 2667 490 2727 nocuit
501 2667 540 2726 de
551 2666 671 2740 gurgite
683 2679 788 2738 parva,
801 2662 857 2722 sed
872 2675 979 2720 omnes

179 2747 327 2808 Pressere
338 2747 398 2809 hoo
410 2749 523 2810 fluctus
539 2761 737 2821 oceanusque
753 2752 854 2820 caput.

139 2831 200 2890 Cor
212 2832 326 2907 aliquid
340 2833 425 2893 vidit
446 2849 501 2893 cur
512 2833 606 2894 noxia
619 2831 733 2890 lumina
744 2829 825 2888 fecit

180 2914 240 2974 Cur
253 2917 282 2974 in
287 2915 430 2990 prudenti
444 2917 566 2991 cognita
578 2916 670 2990 culpa
683 2914 777 2974 mihi?

79 2998 258 3058 1051nscius
270 2997 410 3060 Actaeon
421 3000 498 3060 vidit
509 3000 576 3060 sinc
587 3007 674 3060 veste
686 2998 830 3058 Dianam=

177 3080 297 3141 Praeda
308 3083 365 3143 suit
380 3084 506 3144 canibus
520 3101 580 3145 non
592 3083 694 3142 minus
707 3082 757 3141 ille
773 3079 849 3140 suis.

138 3163 262 3225 SciIIcet
276 3167 307 3224 in
325 3167 447 3242 superis
461 3168 550 3228 etiam
565 3168 687 3227 fortuna
703 3164 815 3225 luenda
829 3168 884 3236 est,

175 3247 238 3307 Nec
253 3251 376 3309 veniam
390 3251 477 3310 laeso
492 3251 615 3311 numine
629 3265 720 3309 casus
736 3247 836 3306 habet.

135 3331 190 3391 Illa
205 3347 339 3408 namque
351 3334 410 3405 dic,
424 3350 486 3410 qua
497 3349 545 3394 me
558 3333 657 3400 malus
670 3331 795 3392 abstulit
805 3344 900 3402 error,

75 3421 126 3474 '10
176 3413 276 3474 Parva
290 3417 416 3494 quidem
429 3419 528 3492 periit,
545 3418 602 3478 scd
615 3415 682 3476 sinc
697 3415 767 3474 labe
782 3415 909 3473 domasa

135 3496 187 3558 Sic
199 3515 327 3574 quoque
338 3516 436 3575 parva
449 3507 559 3575 tamen,
574 3500 674 3576 patrio
687 3498 805 3558 dicatur
819 3503 853 3554 ut
863 3507 942 3554 aevo
