2454 4004
144 252 207 317 sos
468 226 469 229 ‘
523 237 788 302 ‘rnsronu’u

71 467 73 474 .
162 414 216 470 470
272 403 372 478 thue
387 411 445 473 ego
460 393 518 458 sub
532 399 632 454 terras
648 389 900 464 sanguinulentus
916 393 987 455 east
1071 449 1076 454 ,

228 487 330 548 Noluit
343 485 403 545 troo
417 483 519 544 irater.
550 476 649 551 pietas
665 471 803 548 aequatis
817 473 850 536 in
864 472 914 534 illo
928 476 990 534 est

194 623 196 626 ,
271 565 360 642 Quod
375 560 644 642 poenituerimus
658 555 799 620 manibus
815 553 972 624 itlededit.

227 653 317 714 Hune
331 666 391 710 vos
408 663 463 724 por
481 647 640 716 lacrimas,
655 657 712 718 per
726 647 830 722 uestra
844 639 988 704 etiurenta
1001 643 1122 712 rugata,

273 735 314 795 Ut
328 733 480 794 celebrem
493 733 599 792 nostro
615 725 715 800 signa
728 723 847 791 bonore
861 721 963 786 dient’

165 823 218 880 475
232 818 427 883 Mandentern
442 811 584 889 amplecti
599 809 725 892 eupiunt
738 813 769 868 et
781 801 927 866 bracehia
936 803 1079 870 ‚radunt

233 969 237 972 ,
270 901 402 964 Lubrica
416 900 598 974 prensantes
610 893 722 967 effugit
734 890 842 954 umbra
856 903 975 954 manus

228 989 269 1050 Ut
283 1001 387 1048 seeum
403 982 523 1057 fugiens
539 993 666 1043 somnes
682 973 808 1040 abduxit
821 973 932 1048 image,

271 1069 322 1130 Ad
335 1082 441 1144 regem
454 1077 552 1137 voees
566 1061 668 1124 fratris
682 1056 936 1133 uterqueforunt.

229 1154 378 1218 Romulus
393 1147 585 1223 obseruatus,
601 1147 764 1218 iuuenique
777 1141 922 1206 Remuria
937 1137 1011 1203 dieii

164 1247 219 1304 ten
275 1239 373 1310 litam,
390 1249 451 1310 qua
465 1229 576 1306 positis
590 1228 671 1290 iuste
684 1227 819 1288 tumtur
834 1224 911 1286 avis.

178 1361 180 1363 .
230 1325 352 1396 Aspara
367 1322 481 1378 mutata
494 1320 543 1376 est
557 1313 587 1374 in
602 1312 702 1372 tanam
715 1317 857 1384 ternpore
867 1308 960 1380 longo

273 1404 399 1476 Littera,
416 1414 496 1476 qnae
510 1403 574 1459 toto
593 1395 717 1459 nomine
731 1393 830 1468 priua
841 1391 907 1452 init.

231 1487 306 1549 Mox
320 1486 411 1546 etiam
424 1487 557 1547 lemures
574 1479 691 1540 animas
707 1477 814 1538 dixere
834 1476 983 1544 adantum.

275 1571 332 1630 Hie
349 1583 460 1630 sensus
479 1564 580 1638 verbi,
595 1564 643 1627 vis
659 1578 697 1622 aa
711 1561 799 1626 uenis
814 1565 887 1620 erat.

168 1652 220 1714 48⁵
235 1655 318 1715 Faria
333 1661 434 1734 tanuen
449 1656 571 1718 veteres
586 1647 647 1709 iilis
665 1647 805 1707 elausere
819 1641 937 1714 diebus,
983 1682 992 1692 .

275 1739 316 1799 Ut
329 1751 410 1797 nuno
425 1733 512 1794 tereti
527 1739 666 1806 ternpore
680 1735 788 1804 operta
802 1726 902 1791 vides.

234 1821 296 1880 Nee
310 1819 423 1880 viduae
436 1816 536 1878 taedis
552 1815 660 1878 andern
673 1827 731 1874 nee
746 1811 873 1886 virginis
888 1815 962 1884 apta
1025 1833 1032 1838 ·

270 1903 435 1984 Tempora.
466 1915 547 1976 quae
561 1899 679 1976 nupsit,
695 1912 756 1958 non
771 1895 915 1956 diuturna
928 1893 992 1953 fuit.
1086 1953 1089 1957 a

234 1989 300 2048 Hao
316 2001 440 2063 quoque
455 1985 495 2044 de
511 1999 620 2057 eausa,
641 1982 669 2044 si
682 1987 713 2042 te
729 1977 892 2056 proverbia
907 1980 1041 2052 tangunt,

171 2081 225 2136 490
279 2071 387 2132 Mense
401 2071 498 2131 maias
512 2067 594 2136 Maio
610 2067 724 2130 nubere
738 2066 849 2138 voleus
864 2061 914 2128 ait.
1019 2113 1022 2116 .

238 2155 302 2217 Sed
316 2161 418 2216 tamen
438 2154 515 2214 haee
529 2151 587 2214 triu
605 2157 677 2214 sunt
688 2147 747 2215 sub
768 2147 880 2215 eedem
894 2152 1033 2222 tempore
1048 2143 1122 2211 festa

277 2241 358 2299 Inter
377 2255 413 2300 se
428 2239 512 2300 nulla
527 2236 703 2296 continuata
716 2233 776 2296 die.
793 2245 794 2248 ’

447 2435 495 2496 10.
517 2435 573 2494 aa
618 2433 667 2494 11.
692 2432 878 2494 onan-u
963 2389 964 2396 Ν

238 2573 372 2648 Quorum
389 2571 415 2631 si
432 2569 541 2632 mediis
558 2570 707 2634 Boeotum
726 2567 839 2650 Oriona
853 2582 995 2643 quaeres,

278 2657 387 2718 Falsus
402 2655 474 2717 eris.
505 2653 591 2728 Signi
605 2669 701 2714 eausa
716 2653 856 2717 canenda
872 2651 953 2711 mihi.

174 2749 224 2804 495
239 2742 375 2818 luppiter
389 2747 420 2800 at
438 2739 499 2801 into
516 2738 568 2812 qui
582 2744 690 2812 regnat
704 2737 733 2796 in
749 2751 885 2815 aequore
900 2735 992 2798 irater

280 2823 453 2900 Carpebant
466 2822 569 2884 sosias
585 2821 818 2896 Mercuriusque
836 2821 912 2880 vias.

199 2965 204 2974 .
237 2909 372 2985 Tempus
388 2914 467 2982 erat,
487 2921 548 2981 quo
565 2921 657 2966 versa
672 2905 742 2979 iugo
757 2904 930 2974 referuntur
945 2907 1054 2974 aratra,

280 2993 319 3053 Et
333 3007 449 3066 pronus
467 2997 589 3050 saturae
604 2989 652 3048 iae
669 2987 743 3048 bibit
759 3003 856 3062 agnus
872 2988 949 3051 ovis.
1003 3041 1006 3048 ,

238 3073 330 3134 Forte
345 3089 441 3134 senex
455 3075 605 3152 Hyrieus
621 3072 741 3148 angusti
757 3073 855 3134 cultor
869 3069 972 3146 agolli:

176 3174 228 3226 500
279 3155 349 3216 'Hos
365 3158 463 3232 videt,
480 3161 622 3233 exiguam
635 3157 737 3220 stabat
754 3161 873 3217 utente
892 3169 1006 3218 casam·

158 3319 164 3326 ,
237 3232 1160 3320 Atoueita‘Longaviaestneotemporaiongusupersunt’

206 3409 209 3413 ι
280 3324 364 3384 Dixit
378 3329 420 3382 <et
434 3325 609 3398 hospitibus
625 3327 717 3388 ianua
731 3331 839 3386 nostra
853 3326 959 3400 patet.2

240 3406 367 3466 Addidit
381 3413 411 3466 at
424 3407 540 3468 voltum
556 3410 674 3482 verbis,
690 3410 862 3488 iterumque
883 3404 1013 3482 rogarit.

220 3539 222 3544 .
281 3489 391 3549 Parent
409 3492 587 3569 promissis,
603 3492 961 3569 dissimulantque-dees.
