2454 4004
363 779 792 877 ltl'lllllllttl.

155 965 290 1075 Accepit
304 998 436 1061 mundus
451 1001 560 1076 legem.
592 1000 676 1062 dedit
690 1015 774 1060 arma
789 1013 844 1076 per
859 1013 977 1075 omnes,

151 1084 381 1159 Admonuitque
397 1085 455 1145 sui.
484 1085 596 1144 vitulus
612 1085 659 1144 sle
672 1099 805 1158 namque
818 1083 957 1158 minatur,

151 1167 211 1241 Qui
227 1167 362 1227 nendum
376 1167 454 1240 gerit
467 1168 498 1225 in
512 1174 619 1226 tenera
633 1167 694 1226 iam
713 1181 828 1226 eemua
842 1168 949 1240 fronte,

154 1250 206 1309 Sic
221 1249 362 1308 dammae
377 1248 511 1322 tugiunt,
528 1255 664 1323 pugnant
677 1250 787 1309 virtute
801 1250 917 1323 leones
968 1297 969 1300 ,

14 1397 15 1400 ,
120 1331 192 1394 alit
205 1348 312 1392 mersu
327 1332 413 1391 canis
429 1336 460 1391 et
474 1332 592 1392 caudae
607 1331 653 1391 sie
667 1331 810 1406 scorpius
824 1333 894 1403 ictu,

14 1429 15 1438 ¹
153 1415 385 1490 Concussisque
399 1414 476 1474 levis
492 1415 594 1490 pinnis
610 1416 655 1476 sie
670 1415 774 1477 evolat
786 1415 863 1476 ales.

154 1498 278 1567 Omnib;
297 1499 342 1558 sie
358 1505 448 1560 noete
462 1500 568 1560 mortis
582 1498 686 1571 timor,
703 1498 843 1560 omnihus
857 1499 978 1560 hostem

151 1581 403 1658 Praesidiumque
423 1582 654 1644 datumsentire
669 1589 699 1642 et
716 1597 846 1643 neseere
859 1581 911 1641 teli

153 1665 286 1742 Vimque
299 1666 485 1742 modumque
502 1668 559 1728 sui.
591 1667 636 1728 sie
652 1672 681 1727 et
696 1679 804 1728 scarus
818 1672 884 1728 arte
898 1663 956 1726 sub
972 1663 1062 1726 undis

103 1753 138 1806 10
153 1749 220 1810 Sin
224 1792 293 1808 .......

152 1834 271 1894 Decidit
285 1832 509 1910 adsumptaque
525 1834 597 1894 dole
612 1834 736 1894 tandem
748 1840 842 1908 pavet
856 1843 968 1906 eseam,

151 1915 219 1978 Non
234 1917 327 1978 audet
339 1917 434 1976 radiis
450 1916 564 1976 obnixa
578 1931 739 1976 eeeumere
754 1916 861 1991 fronte,

152 2001 290 2060 Avernus
305 1999 414 2060 erebro
428 2001 529 2060 vimen
545 1999 602 2060 sed
618 1999 745 2060 verbere
760 2000 877 2060 caudae

152 2082 275 2144 Laxans
291 2083 502 2160 subsequitur,
517 2091 675 2159 tutumque
690 2082 793 2144 evadit
807 2082 837 2143 in
849 2093 980 2158 aequor.

105 2161 231 2240 is‘Quin
246 2167 337 2226 etiam
352 2169 470 2228 silente
485 2168 611 2244 aliquis,
628 2166 702 2227 dum
715 2172 888 2242 praeparat,
903 2175 969 2227 arto

153 2249 234 2312 Mitis
248 2252 412 2312 laetantem
425 2267 533 2317 scarus
547 2250 629 2313 hune
644 2251 675 2310 in
689 2251 802 2311 vimina
813 2249 900 2323 vidit,
999 2260 1002 2265 ·

11 2379 13 2412 r
153 2335 266 2395 Aversi
281 2336 410 2396 caudam
424 2350 530 2398 morsu
544 2341 627 2396 tenet
640 2342 732 2410 atque
750 2335 803 2394 llta

11 2421 13 2480 ζ
126 2439 128 2444 ·
153 2416 236 2476 Uber
256 2425 379 2477 servate
396 2433 487 2494 quem
500 2419 577 2479 texit
590 2420 658 2478 eive
672 2419 807 2478 resultat.

11 2545 12 2558 ,
153 2495 247 2571 Sepia
261 2498 351 2556 tarda
365 2499 473 2573 fugae,
488 2501 572 2560 tenui
588 2515 657 2560 eum
671 2501 749 2561 lente
764 2499 821 2560 sub
836 2499 918 2559 unda

99 2583 135 2638 20
148 2578 310 2654 Deprensa
324 2587 386 2652 est,
401 2581 585 2658 iamiamque
599 2589 708 2642 manus
724 2583 808 2642 timet
821 2582 1004 2657 illarapaeir

151 2661 294 2722 inliciens
307 2677 424 2739 aequor
435 2665 557 2744 nigrum
571 2666 666 2726 vomit
679 2667 771 2744 ilie[et
782 2665 947 2743 humorem]

149 2746 331 2821 Avertitque
346 2747 414 2808 vias
429 2749 537 2810 oeulos
552 2748 695 2809 frustrata
709 2747 876 2823 sequentis
1048 2779 1055 2818 ,r

151 2829 281 2890 Clausus
295 2835 360 2890 rete
374 2831 480 2908 lupus,
496 2833 636 2910 quamvis
652 2832 762 2898 inmitis
778 2839 901 2906 alacer,
1046 2823 1051 2832 ’

11 2975 12 2988 2
150 2913 279 2976 Dimotis
294 2913 395 2978 eatrda
409 2914 581 2978 submissus
597 2916 669 3000 sidit
683 2915 784 2977 arenis
841 2923 842 2929 ’

11 2991 13 3082 ᾗ
101 3007 163 3060 25
660 2999 799 3060 inauras

151 3036 268 3142 Emicat
281 3088 374 3158 atque
388 3082 478 3144 doles
494 3083 573 3163 saltu
589 3081 705 3144 deludit
719 3084 842 3144 inultus.

133 3161 189 3222 Et
202 3179 327 3227 murena
342 3167 445 3243 lerox,
460 3168 563 3228 teretis
579 3165 638 3227 sibi
654 3167 780 3227 conseia
792 3166 878 3242 tergi,

149 3247 200 3306 Ad
216 3247 317 3311 laxata
331 3251 429 3326 magis
445 3257 610 3312 eonnextat
623 3251 774 3312 feramina
787 3251 861 3311 retis

11 3395 13 3420 ι
147 3329 284 3393 Tandem
299 3350 356 3410 per
368 3333 480 3396 multos
496 3335 599 3396 evadit
612 3333 730 3395 lubrica
743 3332 855 3408 flexus,

11 3465 12 3504 i
96 3415 130 3471 ³0
132 3409 357 3493 Exemploque
372 3433 488 3478 neeens
504 3418 621 3480 eunetis
636 3417 693 3478 iter
707 3417 822 3478 invenit
835 3431 907 3476 una.

146 3497 311 3560 ,utcontra
326 3501 464 3578 seopulis
484 3501 590 3562 crinali
606 3516 737 3578 corpore
749 3499 854 3577 segnis

475 3627 551 3654 m
811 3579 869 3643 Ὦ*
