<?xml version="1.0" encoding="UTF-8"?>
<!DOCTYPE html PUBLIC "-//W3C//DTD XHTML 1.0 Transitional//EN"
    "http://www.w3.org/TR/xhtml1/DTD/xhtml1-transitional.dtd">
<html xmlns="http://www.w3.org/1999/xhtml" xml:lang="en" lang="en">
 <head>
  <title>
</title>
<meta http-equiv="Content-Type" content="text/html;charset=utf-8" />
  <meta name='ocr-system' content='tesseract 3.04.00' />
  <meta name='ocr-capabilities' content='ocr_page ocr_carea ocr_par ocr_line ocrx_word'/>
</head>
<body>
  <div class='ocr_page' id='page_1' title='image "./povidiusnaso01merkgoog_0121.png"; bbox 0 0 2520 4008; ppageno 0'>
   <div class='ocr_carea' id='block_1_1' title="bbox 46 124 760 256">
    <p class='ocr_par' dir='ltr' id='par_1_1' title="bbox 46 124 760 256">
     <span class='ocr_line' id='line_1_1' title="bbox 46 124 760 256; baseline -0.001 -40"><span class='ocrx_word' id='word_1_1' title='bbox 46 139 60 256; x_wconf 59' lang='lat' dir='ltr'>rs</span> <span class='ocrx_word' id='word_1_2' title='bbox 159 163 282 230; x_wconf 84' lang='lat' dir='ltr'>tot·</span> <span class='ocrx_word' id='word_1_3' title='bbox 368 124 370 129; x_wconf 75' lang='grc'><strong>’</strong></span> <span class='ocrx_word' id='word_1_4' title='bbox 598 154 760 228; x_wconf 75' lang='lat' dir='ltr'>retnis</span> 
     </span>
    </p>
   </div>
   <div class='ocr_carea' id='block_1_2' title="bbox 157 305 1186 3484">
    <p class='ocr_par' dir='ltr' id='par_1_2' title="bbox 157 305 1186 3484">
     <span class='ocr_line' id='line_1_2' title="bbox 287 305 1025 389; baseline -0.007 -15"><span class='ocrx_word' id='word_1_5' title='bbox 287 313 425 389; x_wconf 79' lang='lat' dir='ltr'>Corpora</span> <span class='ocrx_word' id='word_1_6' title='bbox 439 309 510 369; x_wconf 83' lang='lat' dir='ltr'>c&#39;um</span> <span class='ocrx_word' id='word_1_7' title='bbox 524 305 608 374; x_wconf 91' lang='lat' dir='ltr'>senis</span> <span class='ocrx_word' id='word_1_8' title='bbox 621 306 721 370; x_wconf 82' lang='lat' dir='ltr'>altera</span> <span class='ocrx_word' id='word_1_9' title='bbox 734 321 811 368; x_wconf 88' lang='lat' dir='ltr'>sena</span> <span class='ocrx_word' id='word_1_10' title='bbox 824 321 950 382; x_wconf 77' lang='lat' dir='ltr'>regum·</span> <span class='ocrx_word' id='word_1_11' title='bbox 1023 330 1025 336; x_wconf 95' lang='lat'><em>·</em></span> 
     </span>
     <span class='ocr_line' id='line_1_3' title="bbox 181 389 1084 472; baseline -0.013 -10"><span class='ocrx_word' id='word_1_12' title='bbox 181 405 233 462; x_wconf 81' lang='grc'>373</span> <span class='ocrx_word' id='word_1_13' title='bbox 250 397 289 459; x_wconf 88' lang='lat' dir='ltr'>Ut</span> <span class='ocrx_word' id='word_1_14' title='bbox 303 411 401 472; x_wconf 86' lang='lat' dir='ltr'>quos,</span> <span class='ocrx_word' id='word_1_15' title='bbox 417 391 543 460; x_wconf 83' lang='lat' dir='ltr'>obscuri</span> <span class='ocrx_word' id='word_1_16' title='bbox 556 393 657 454; x_wconf 78' lang='lat' dir='ltr'>uictos</span> <span class='ocrx_word' id='word_1_17' title='bbox 672 389 854 466; x_wconf 79' lang='lat' dir='ltr'>ambagibus</span> <span class='ocrx_word' id='word_1_18' title='bbox 870 391 947 470; x_wconf 80' lang='lat' dir='ltr'>oris,</span> <span class='ocrx_word' id='word_1_19' title='bbox 1082 462 1084 470; x_wconf 18' lang='lat' dir='ltr'>y</span> 
     </span>
     <span class='ocr_line' id='line_1_4' title="bbox 286 473 984 554; baseline -0.007 -15"><span class='ocrx_word' id='word_1_20' title='bbox 286 480 430 554; x_wconf 82' lang='lat' dir='ltr'>Legimus</span> <span class='ocrx_word' id='word_1_21' title='bbox 443 475 588 540; x_wconf 80' lang='lat' dir='ltr'>infandae</span> <span class='ocrx_word' id='word_1_22' title='bbox 603 474 743 553; x_wconf 75' lang='lat' dir='ltr'>Sphinga</span> <span class='ocrx_word' id='word_1_23' title='bbox 756 473 884 538; x_wconf 77' lang='lat' dir='ltr'><strong>dedisse</strong></span> <span class='ocrx_word' id='word_1_24' title='bbox 897 474 984 548; x_wconf 79' lang='lat' dir='ltr'>neci:¹</span> 
     </span>
     <span class='ocr_line' id='line_1_5' title="bbox 230 557 992 638; baseline -0.005 -14"><span class='ocrx_word' id='word_1_25' title='bbox 230 588 232 592; x_wconf 93' lang='lat'>·</span> <span class='ocrx_word' id='word_1_26' title='bbox 244 564 284 624; x_wconf 88' lang='lat' dir='ltr'>Ut</span> <span class='ocrx_word' id='word_1_27' title='bbox 299 563 353 638; x_wconf 88' lang='lat' dir='ltr'>qui</span> <span class='ocrx_word' id='word_1_28' title='bbox 366 561 525 623; x_wconf 78' lang='lat' dir='ltr'><strong>Bistoniae</strong></span> <span class='ocrx_word' id='word_1_29' title='bbox 538 561 653 635; x_wconf 90' lang='lat' dir='ltr'>templo</span> <span class='ocrx_word' id='word_1_30' title='bbox 669 557 810 619; x_wconf 88' lang='lat' dir='ltr'>cecidere</span> <span class='ocrx_word' id='word_1_31' title='bbox 822 557 992 634; x_wconf 85' lang='lat' dir='ltr'>Minervae,</span> 
     </span>
     <span class='ocr_line' id='line_1_6' title="bbox 284 644 1186 724; baseline -0.001 -18"><span class='ocrx_word' id='word_1_32' title='bbox 284 646 414 723; x_wconf 77' lang='lat' dir='ltr'>Propter</span> <span class='ocrx_word' id='word_1_33' title='bbox 428 644 514 720; x_wconf 89' lang='lat' dir='ltr'>quod</span> <span class='ocrx_word' id='word_1_34' title='bbox 529 644 624 706; x_wconf 87' lang='lat' dir='ltr'>lactes</span> <span class='ocrx_word' id='word_1_35' title='bbox 638 657 721 713; x_wconf 86' lang='lat' dir='ltr'>nunc</span> <span class='ocrx_word' id='word_1_36' title='bbox 735 657 863 718; x_wconf 86' lang='lat' dir='ltr'>queque</span> <span class='ocrx_word' id='word_1_37' title='bbox 877 659 972 712; x_wconf 85' lang='lat' dir='ltr'>versa</span> <span class='ocrx_word' id='word_1_38' title='bbox 985 644 1063 706; x_wconf 87' lang='lat' dir='ltr'>deae</span> <span class='ocrx_word' id='word_1_39' title='bbox 1078 651 1144 707; x_wconf 85' lang='grc'>3333</span> <span class='ocrx_word' id='word_1_40' title='bbox 1181 655 1186 724; x_wconf 71' lang='grc' dir='ltr'><strong><em>ξ</em></strong></span> 
     </span>
     <span class='ocr_line' id='line_1_7' title="bbox 244 725 993 806; baseline -0.005 -12"><span class='ocrx_word' id='word_1_41' title='bbox 244 731 286 794; x_wconf 87' lang='lat' dir='ltr'>Ut</span> <span class='ocrx_word' id='word_1_42' title='bbox 301 731 353 806; x_wconf 88' lang='lat' dir='ltr'>qai</span> <span class='ocrx_word' id='word_1_43' title='bbox 366 727 496 791; x_wconf 81' lang='lat' dir='ltr'>Threicii</span> <span class='ocrx_word' id='word_1_44' title='bbox 512 727 671 802; x_wconf 84' lang='lat' dir='ltr'>quondam</span> <span class='ocrx_word' id='word_1_45' title='bbox 683 725 850 802; x_wconf 84' lang='lat' dir='ltr'>praesepia</span> <span class='ocrx_word' id='word_1_46' title='bbox 861 727 944 802; x_wconf 85' lang='lat' dir='ltr'>regis</span> <span class='ocrx_word' id='word_1_47' title='bbox 991 785 993 790; x_wconf 89' lang='lat'><em>.</em></span> 
     </span>
     <span class='ocr_line' id='line_1_8' title="bbox 180 809 933 886; baseline -0.017 -6"><span class='ocrx_word' id='word_1_48' title='bbox 180 823 234 880; x_wconf 89' lang='grc'>333</span> <span class='ocrx_word' id='word_1_49' title='bbox 289 814 440 882; x_wconf 85' lang='lat' dir='ltr'>Fecerunt</span> <span class='ocrx_word' id='word_1_50' title='bbox 454 810 587 886; x_wconf 76' lang='lat' dir='ltr'>dapibus</span> <span class='ocrx_word' id='word_1_51' title='bbox 601 809 837 885; x_wconf 72' lang='lat' dir='ltr'>sanguinolenta</span> <span class='ocrx_word' id='word_1_52' title='bbox 851 811 933 880; x_wconf 74' lang='lat' dir='ltr'>suis:</span> 
     </span>
     <span class='ocr_line' id='line_1_9' title="bbox 242 893 920 970; baseline -0.007 -13"><span class='ocrx_word' id='word_1_53' title='bbox 242 897 523 968; x_wconf 72' lang='lat' dir='ltr'>llaerodamantecs</span> <span class='ocrx_word' id='word_1_54' title='bbox 537 901 572 961; x_wconf 89' lang='lat' dir='ltr'>ut</span> <span class='ocrx_word' id='word_1_55' title='bbox 586 893 642 970; x_wconf 91' lang='lat' dir='ltr'>qui</span> <span class='ocrx_word' id='word_1_56' title='bbox 653 909 782 957; x_wconf 84' lang='lat' dir='ltr'>sensere</span> <span class='ocrx_word' id='word_1_57' title='bbox 796 893 920 964; x_wconf 82' lang='grc'>1333333</span> 
     </span>
     <span class='ocr_line' id='line_1_10' title="bbox 285 976 949 1055; baseline -0.014 -13"><span class='ocrx_word' id='word_1_58' title='bbox 285 979 405 1055; x_wconf 82' lang='lat' dir='ltr'>Quique</span> <span class='ocrx_word' id='word_1_59' title='bbox 419 977 595 1041; x_wconf 77' lang='lat' dir='ltr'><strong>Thoanteae</strong></span> <span class='ocrx_word' id='word_1_60' title='bbox 608 976 738 1040; x_wconf 80' lang='lat' dir='ltr'>Taurica</span> <span class='ocrx_word' id='word_1_61' title='bbox 751 993 842 1046; x_wconf 85' lang='lat' dir='ltr'>secra</span> <span class='ocrx_word' id='word_1_62' title='bbox 855 978 949 1041; x_wconf 72' lang='lat' dir='ltr'>deae:</span> 
     </span>
     <span class='ocr_line' id='line_1_11' title="bbox 242 1059 1180 1140; baseline -0.001 -15"><span class='ocrx_word' id='word_1_63' title='bbox 242 1063 282 1126; x_wconf 87' lang='lat' dir='ltr'>Ut</span> <span class='ocrx_word' id='word_1_64' title='bbox 297 1077 378 1138; x_wconf 88' lang='lat' dir='ltr'>quos</span> <span class='ocrx_word' id='word_1_65' title='bbox 393 1060 500 1140; x_wconf 85' lang='lat' dir='ltr'>Scylla</span> <span class='ocrx_word' id='word_1_66' title='bbox 513 1077 629 1136; x_wconf 80' lang='lat' dir='ltr'>vorax,</span> <span class='ocrx_word' id='word_1_67' title='bbox 646 1059 836 1138; x_wconf 78' lang='lat' dir='ltr'>Scyllaeque</span> <span class='ocrx_word' id='word_1_68' title='bbox 855 1061 988 1132; x_wconf 78' lang='lat' dir='ltr'>adverse</span> <span class='ocrx_word' id='word_1_69' title='bbox 1002 1061 1180 1140; x_wconf 76' lang='lat' dir='ltr'>charybdis</span> 
     </span>
     <span class='ocr_line' id='line_1_12' title="bbox 286 1143 940 1221; baseline -0.012 -13"><span class='ocrx_word' id='word_1_70' title='bbox 286 1145 446 1208; x_wconf 77' lang='lat' dir='ltr'>Dulichiae</span> <span class='ocrx_word' id='word_1_71' title='bbox 460 1145 594 1221; x_wconf 86' lang='lat' dir='ltr'>pavidos</span> <span class='ocrx_word' id='word_1_72' title='bbox 609 1143 750 1220; x_wconf 84' lang='lat' dir='ltr'>eripuere</span> <span class='ocrx_word' id='word_1_73' title='bbox 764 1144 836 1208; x_wconf 83' lang='lat' dir='ltr'>rati=</span> <span class='ocrx_word' id='word_1_74' title='bbox 934 1177 940 1183; x_wconf 23' lang='lat' dir='ltr'>a</span> 
     </span>
     <span class='ocr_line' id='line_1_13' title="bbox 176 1227 1055 1310; baseline -0.009 -16"><span class='ocrx_word' id='word_1_75' title='bbox 176 1238 229 1294; x_wconf 83' lang='grc'>333</span> <span class='ocrx_word' id='word_1_76' title='bbox 244 1231 284 1293; x_wconf 91' lang='lat' dir='ltr'>Ut</span> <span class='ocrx_word' id='word_1_77' title='bbox 299 1245 380 1306; x_wconf 88' lang='lat' dir='ltr'>quos</span> <span class='ocrx_word' id='word_1_78' title='bbox 395 1229 517 1304; x_wconf 83' lang='lat' dir='ltr'>demisit</span> <span class='ocrx_word' id='word_1_79' title='bbox 530 1235 652 1310; x_wconf 84' lang='lat' dir='ltr'>vastam</span> <span class='ocrx_word' id='word_1_80' title='bbox 665 1227 876 1306; x_wconf 82' lang='lat' dir='ltr'>Polyphemus</span> <span class='ocrx_word' id='word_1_81' title='bbox 890 1227 922 1293; x_wconf 89' lang='lat' dir='ltr'>in</span> <span class='ocrx_word' id='word_1_82' title='bbox 936 1227 1055 1298; x_wconf 69' lang='lat' dir='ltr'>aluums</span> 
     </span>
     <span class='ocr_line' id='line_1_14' title="bbox 286 1311 929 1390; baseline 0.002 -14"><span class='ocrx_word' id='word_1_83' title='bbox 286 1315 326 1376; x_wconf 91' lang='lat' dir='ltr'>Ut</span> <span class='ocrx_word' id='word_1_84' title='bbox 339 1313 579 1390; x_wconf 80' lang='lat' dir='ltr'>Laestrygonias</span> <span class='ocrx_word' id='word_1_85' title='bbox 595 1312 649 1388; x_wconf 90' lang='lat' dir='ltr'>qui</span> <span class='ocrx_word' id='word_1_86' title='bbox 663 1311 787 1377; x_wconf 89' lang='lat' dir='ltr'>subiere</span> <span class='ocrx_word' id='word_1_87' title='bbox 800 1327 929 1376; x_wconf 79' lang='lat' dir='ltr'>manus·</span> 
     </span>
     <span class='ocr_line' id='line_1_15' title="bbox 243 1391 1043 1474; baseline -0.006 -14"><span class='ocrx_word' id='word_1_88' title='bbox 243 1399 283 1460; x_wconf 86' lang='lat' dir='ltr'>Ut</span> <span class='ocrx_word' id='word_1_89' title='bbox 298 1413 378 1474; x_wconf 90' lang='lat' dir='ltr'>quos</span> <span class='ocrx_word' id='word_1_90' title='bbox 394 1396 458 1464; x_wconf 84' lang='lat' dir='ltr'>dux</span> <span class='ocrx_word' id='word_1_91' title='bbox 471 1395 594 1460; x_wconf 86' lang='lat' dir='ltr'>Poenus</span> <span class='ocrx_word' id='word_1_92' title='bbox 609 1396 715 1464; x_wconf 85' lang='lat' dir='ltr'>mersit</span> <span class='ocrx_word' id='word_1_93' title='bbox 728 1394 904 1472; x_wconf 88' lang='lat' dir='ltr'>putealibus</span> <span class='ocrx_word' id='word_1_94' title='bbox 918 1391 1020 1469; x_wconf 88' lang='lat' dir='ltr'>undis,</span> <span class='ocrx_word' id='word_1_95' title='bbox 1038 1393 1043 1398; x_wconf 81' lang='grc'><em>“</em></span> 
     </span>
     <span class='ocr_line' id='line_1_16' title="bbox 284 1479 877 1578; baseline 0.002 -36"><span class='ocrx_word' id='word_1_96' title='bbox 284 1481 323 1542; x_wconf 83' lang='lat' dir='ltr'>Et</span> <span class='ocrx_word' id='word_1_97' title='bbox 336 1481 415 1542; x_wconf 86' lang='lat' dir='ltr'>iacto</span> <span class='ocrx_word' id='word_1_98' title='bbox 431 1496 525 1547; x_wconf 83' lang='lat' dir='ltr'>canas</span> <span class='ocrx_word' id='word_1_99' title='bbox 539 1481 668 1557; x_wconf 85' lang='lat' dir='ltr'>pulvere</span> <span class='ocrx_word' id='word_1_100' title='bbox 682 1479 754 1544; x_wconf 85' lang='lat' dir='ltr'>terit</span> <span class='ocrx_word' id='word_1_101' title='bbox 767 1495 877 1578; x_wconf 85' lang='lat' dir='ltr'>aquas</span> 
     </span>
     <span class='ocr_line' id='line_1_17' title="bbox 244 1561 1033 1658; baseline -0.008 -30"><span class='ocrx_word' id='word_1_102' title='bbox 244 1565 307 1628; x_wconf 85' lang='lat' dir='ltr'>Sex</span> <span class='ocrx_word' id='word_1_103' title='bbox 320 1563 369 1625; x_wconf 90' lang='lat' dir='ltr'>bis</span> <span class='ocrx_word' id='word_1_104' title='bbox 390 1570 423 1626; x_wconf 92' lang='lat' dir='ltr'>ut</span> <span class='ocrx_word' id='word_1_105' title='bbox 435 1563 574 1626; x_wconf 86' lang='lat' dir='ltr'>Icaridos</span> <span class='ocrx_word' id='word_1_106' title='bbox 582 1563 725 1628; x_wconf 69' lang='lat' dir='ltr'>ramulae</span> <span class='ocrx_word' id='word_1_107' title='bbox 737 1562 859 1639; x_wconf 85' lang='lat' dir='ltr'>periere</span> <span class='ocrx_word' id='word_1_108' title='bbox 872 1561 1033 1658; x_wconf 81' lang='lat' dir='ltr'>proutque,</span> 
     </span>
     <span class='ocr_line' id='line_1_18' title="bbox 176 1645 1036 1728; baseline 0.004 -19"><span class='ocrx_word' id='word_1_109' title='bbox 176 1663 232 1719; x_wconf 73' lang='lat' dir='ltr'>ayo</span> <span class='ocrx_word' id='word_1_110' title='bbox 287 1649 386 1722; x_wconf 88' lang='lat' dir='ltr'>Inque</span> <span class='ocrx_word' id='word_1_111' title='bbox 401 1652 494 1724; x_wconf 87' lang='lat' dir='ltr'>caput</span> <span class='ocrx_word' id='word_1_112' title='bbox 508 1647 624 1710; x_wconf 87' lang='lat' dir='ltr'>domini</span> <span class='ocrx_word' id='word_1_113' title='bbox 640 1647 693 1728; x_wconf 89' lang='lat' dir='ltr'>qui</span> <span class='ocrx_word' id='word_1_114' title='bbox 708 1646 803 1711; x_wconf 81' lang='lat' dir='ltr'>dabat</span> <span class='ocrx_word' id='word_1_115' title='bbox 816 1663 903 1712; x_wconf 81' lang='lat' dir='ltr'>arma</span> <span class='ocrx_word' id='word_1_116' title='bbox 916 1645 1036 1726; x_wconf 87' lang='lat' dir='ltr'>precis=</span> 
     </span>
     <span class='ocr_line' id='line_1_19' title="bbox 243 1729 946 1808; baseline -0.003 -14"><span class='ocrx_word' id='word_1_117' title='bbox 243 1733 283 1794; x_wconf 87' lang='lat' dir='ltr'>Ut</span> <span class='ocrx_word' id='word_1_118' title='bbox 297 1733 377 1793; x_wconf 84' lang='lat' dir='ltr'>iacet</span> <span class='ocrx_word' id='word_1_119' title='bbox 389 1731 491 1793; x_wconf 83' lang='lat' dir='ltr'>Aonio</span> <span class='ocrx_word' id='word_1_120' title='bbox 507 1731 640 1796; x_wconf 79' lang='lat' dir='ltr'>luctator</span> <span class='ocrx_word' id='word_1_121' title='bbox 652 1730 692 1792; x_wconf 87' lang='lat' dir='ltr'>ab</span> <span class='ocrx_word' id='word_1_122' title='bbox 707 1729 832 1808; x_wconf 87' lang='lat' dir='ltr'>hospite</span> <span class='ocrx_word' id='word_1_123' title='bbox 845 1732 946 1803; x_wconf 84' lang='lat' dir='ltr'>tusus,</span> 
     </span>
     <span class='ocr_line' id='line_1_20' title="bbox 285 1813 1060 1891; baseline -0.005 -14"><span class='ocrx_word' id='word_1_124' title='bbox 285 1815 373 1890; x_wconf 84' lang='lat' dir='ltr'>Qui...</span> <span class='ocrx_word' id='word_1_125' title='bbox 387 1814 527 1876; x_wconf 84' lang='lat' dir='ltr'>rutrum...</span> <span class='ocrx_word' id='word_1_126' title='bbox 542 1815 657 1891; x_wconf 84' lang='lat' dir='ltr'>yictcr,</span> <span class='ocrx_word' id='word_1_127' title='bbox 673 1831 743 1878; x_wconf 79' lang='lat' dir='ltr'>etun</span> <span class='ocrx_word' id='word_1_128' title='bbox 757 1813 937 1888; x_wconf 87' lang='lat' dir='ltr'>cecidisset,</span> <span class='ocrx_word' id='word_1_129' title='bbox 953 1819 1032 1881; x_wconf 78' lang='lat' dir='ltr'>erata</span> <span class='ocrx_word' id='word_1_130' title='bbox 1058 1835 1060 1842; x_wconf 53' lang='lat'><strong>⁴</strong></span> 
     </span>
     <span class='ocr_line' id='line_1_21' title="bbox 241 1897 911 1976; baseline -0.006 -16"><span class='ocrx_word' id='word_1_131' title='bbox 241 1898 281 1960; x_wconf 90' lang='lat' dir='ltr'>Ut</span> <span class='ocrx_word' id='word_1_132' title='bbox 296 1913 376 1974; x_wconf 89' lang='lat' dir='ltr'>quos</span> <span class='ocrx_word' id='word_1_133' title='bbox 389 1898 501 1960; x_wconf 78' lang='lat' dir='ltr'>Arrteei</span> <span class='ocrx_word' id='word_1_134' title='bbox 517 1897 613 1962; x_wconf 82' lang='lat' dir='ltr'>fortes</span> <span class='ocrx_word' id='word_1_135' title='bbox 627 1913 774 1976; x_wconf 84' lang='lat' dir='ltr'>pressere</span> <span class='ocrx_word' id='word_1_136' title='bbox 788 1898 911 1962; x_wconf 66' lang='lat' dir='ltr'>lacerna</span> 
     </span>
     <span class='ocr_line' id='line_1_22' title="bbox 284 1981 998 2057; baseline 0 -15"><span class='ocrx_word' id='word_1_137' title='bbox 284 1982 432 2057; x_wconf 88' lang='lat' dir='ltr'>Quosque</span> <span class='ocrx_word' id='word_1_138' title='bbox 448 1981 533 2047; x_wconf 76' lang='lat' dir='ltr'>letae</span> <span class='ocrx_word' id='word_1_139' title='bbox 547 1985 637 2046; x_wconf 90' lang='lat' dir='ltr'>morti</span> <span class='ocrx_word' id='word_1_140' title='bbox 650 1983 778 2046; x_wconf 88' lang='lat' dir='ltr'>Lemnia</span> <span class='ocrx_word' id='word_1_141' title='bbox 789 1982 883 2050; x_wconf 80' lang='lat' dir='ltr'>larba</span> <span class='ocrx_word' id='word_1_142' title='bbox 898 1981 998 2048; x_wconf 74' lang='lat' dir='ltr'>dedita</span> 
     </span>
     <span class='ocr_line' id='line_1_23' title="bbox 175 2062 1012 2142; baseline -0.007 -8"><span class='ocrx_word' id='word_1_143' title='bbox 175 2075 228 2133; x_wconf 82' lang='grc'>393</span> <span class='ocrx_word' id='word_1_144' title='bbox 242 2064 282 2127; x_wconf 90' lang='lat' dir='ltr'>Ut</span> <span class='ocrx_word' id='word_1_145' title='bbox 297 2065 350 2140; x_wconf 89' lang='lat' dir='ltr'>qui</span> <span class='ocrx_word' id='word_1_146' title='bbox 365 2067 594 2142; x_wconf 76' lang='lat' dir='ltr'>pastrengum,</span> <span class='ocrx_word' id='word_1_147' title='bbox 611 2068 691 2130; x_wconf 87' lang='lat' dir='ltr'>sacri</span> <span class='ocrx_word' id='word_1_148' title='bbox 706 2073 894 2130; x_wconf 87' lang='lat' dir='ltr'>monstrator</span> <span class='ocrx_word' id='word_1_149' title='bbox 906 2062 1012 2142; x_wconf 86' lang='lat' dir='ltr'>iniqui,</span> 
     </span>
     <span class='ocr_line' id='line_1_24' title="bbox 282 2147 926 2226; baseline 0.003 -16"><span class='ocrx_word' id='word_1_150' title='bbox 282 2147 392 2210; x_wconf 84' lang='lat' dir='ltr'>Elicuit</span> <span class='ocrx_word' id='word_1_151' title='bbox 405 2149 529 2226; x_wconf 89' lang='lat' dir='ltr'>pluvias</span> <span class='ocrx_word' id='word_1_152' title='bbox 543 2149 668 2214; x_wconf 78' lang='lat' dir='ltr'>victine</span> <span class='ocrx_word' id='word_1_153' title='bbox 681 2165 795 2218; x_wconf 85' lang='lat' dir='ltr'>caesus</span> <span class='ocrx_word' id='word_1_154' title='bbox 810 2165 926 2226; x_wconf 80' lang='lat' dir='ltr'>aquas:</span> 
     </span>
     <span class='ocr_line' id='line_1_25' title="bbox 236 2231 976 2310; baseline 0.005 -17"><span class='ocrx_word' id='word_1_155' title='bbox 236 2231 342 2293; x_wconf 85' lang='lat' dir='ltr'>Frater</span> <span class='ocrx_word' id='word_1_156' title='bbox 352 2231 389 2294; x_wconf 87' lang='lat' dir='ltr'>&#39;ut</span> <span class='ocrx_word' id='word_1_157' title='bbox 400 2233 511 2298; x_wconf 84' lang='lat' dir='ltr'>Antaei</span> <span class='ocrx_word' id='word_1_158' title='bbox 526 2249 589 2310; x_wconf 89' lang='lat' dir='ltr'>quo</span> <span class='ocrx_word' id='word_1_159' title='bbox 605 2233 756 2310; x_wconf 76' lang='lat' dir='ltr'>sanguine</span> <span class='ocrx_word' id='word_1_160' title='bbox 769 2232 890 2306; x_wconf 85' lang='lat' dir='ltr'>debuit,</span> <span class='ocrx_word' id='word_1_161' title='bbox 906 2247 976 2297; x_wconf 87' lang='lat' dir='ltr'>aras</span> 
     </span>
     <span class='ocr_line' id='line_1_26' title="bbox 279 2315 1040 2398; baseline 0.007 -24"><span class='ocrx_word' id='word_1_162' title='bbox 279 2315 388 2390; x_wconf 79' lang='lat' dir='ltr'>Tinxit,</span> <span class='ocrx_word' id='word_1_163' title='bbox 403 2322 433 2379; x_wconf 91' lang='lat' dir='ltr'>et</span> <span class='ocrx_word' id='word_1_164' title='bbox 448 2319 598 2395; x_wconf 86' lang='lat' dir='ltr'>exemplis</span> <span class='ocrx_word' id='word_1_165' title='bbox 613 2318 726 2382; x_wconf 86' lang='lat' dir='ltr'>oceidit</span> <span class='ocrx_word' id='word_1_166' title='bbox 739 2317 809 2395; x_wconf 88' lang='lat' dir='ltr'>ipse</span> <span class='ocrx_word' id='word_1_167' title='bbox 824 2316 921 2382; x_wconf 61' lang='lat' dir='ltr'>sulse,</span> <span class='ocrx_word' id='word_1_168' title='bbox 1038 2395 1040 2398; x_wconf 15' lang='grc' dir='ltr'>Ι</span> 
     </span>
     <span class='ocr_line' id='line_1_27' title="bbox 237 2395 1038 2480; baseline 0.009 -21"><span class='ocrx_word' id='word_1_169' title='bbox 237 2395 277 2459; x_wconf 90' lang='lat' dir='ltr'>Ut</span> <span class='ocrx_word' id='word_1_170' title='bbox 291 2399 344 2474; x_wconf 89' lang='lat' dir='ltr'>qui</span> <span class='ocrx_word' id='word_1_171' title='bbox 359 2399 507 2464; x_wconf 85' lang='lat' dir='ltr'>terribiles</span> <span class='ocrx_word' id='word_1_172' title='bbox 522 2416 579 2477; x_wconf 87' lang='lat' dir='ltr'>pro</span> <span class='ocrx_word' id='word_1_173' title='bbox 594 2417 720 2480; x_wconf 65' lang='lat' dir='ltr'>manen</span> <span class='ocrx_word' id='word_1_174' title='bbox 734 2400 919 2470; x_wconf 85' lang='lat' dir='ltr'>habentibus</span> <span class='ocrx_word' id='word_1_175' title='bbox 933 2399 1038 2466; x_wconf 84' lang='lat' dir='ltr'>herbis</span> 
     </span>
     <span class='ocr_line' id='line_1_28' title="bbox 157 2482 914 2564; baseline -0.007 -15"><span class='ocrx_word' id='word_1_176' title='bbox 157 2489 227 2549; x_wconf 81' lang='grc'>,403</span> <span class='ocrx_word' id='word_1_177' title='bbox 283 2483 399 2558; x_wconf 80' lang='lat' dir='ltr'>lrnpius</span> <span class='ocrx_word' id='word_1_178' title='bbox 414 2482 548 2546; x_wconf 88' lang='lat' dir='ltr'>humano</span> <span class='ocrx_word' id='word_1_179' title='bbox 563 2486 684 2550; x_wconf 86' lang='lat' dir='ltr'>viscere</span> <span class='ocrx_word' id='word_1_180' title='bbox 698 2486 784 2564; x_wconf 89' lang='lat' dir='ltr'>pavit</span> <span class='ocrx_word' id='word_1_181' title='bbox 796 2501 914 2562; x_wconf 70' lang='lat' dir='ltr'>aquosa</span> 
     </span>
     <span class='ocr_line' id='line_1_29' title="bbox 236 2565 940 2637; baseline 0.003 -11"><span class='ocrx_word' id='word_1_182' title='bbox 236 2565 276 2626; x_wconf 87' lang='lat' dir='ltr'>Ut</span> <span class='ocrx_word' id='word_1_183' title='bbox 289 2565 353 2630; x_wconf 91' lang='lat' dir='ltr'>duo</span> <span class='ocrx_word' id='word_1_184' title='bbox 369 2567 502 2628; x_wconf 88' lang='lat' dir='ltr'>diversis</span> <span class='ocrx_word' id='word_1_185' title='bbox 515 2568 576 2635; x_wconf 88' lang='lat' dir='ltr'>sub</span> <span class='ocrx_word' id='word_1_186' title='bbox 592 2569 704 2637; x_wconf 89' lang='lat' dir='ltr'>eodem</span> <span class='ocrx_word' id='word_1_187' title='bbox 717 2571 842 2634; x_wconf 87' lang='lat' dir='ltr'>vindice</span> <span class='ocrx_word' id='word_1_188' title='bbox 857 2568 940 2630; x_wconf 86' lang='lat' dir='ltr'>caesi</span> 
     </span>
     <span class='ocr_line' id='line_1_30' title="bbox 278 2649 987 2728; baseline 0.006 -19"><span class='ocrx_word' id='word_1_189' title='bbox 278 2649 465 2713; x_wconf 79' lang='lat' dir='ltr'>Varineribus</span> <span class='ocrx_word' id='word_1_190' title='bbox 480 2651 615 2726; x_wconf 81' lang='lat' dir='ltr'>Nessus,</span> <span class='ocrx_word' id='word_1_191' title='bbox 631 2654 865 2728; x_wconf 86' lang='lat' dir='ltr'>Dexamenique</span> <span class='ocrx_word' id='word_1_192' title='bbox 878 2667 987 2728; x_wconf 72' lang='lat' dir='ltr'>genera</span> 
     </span>
     <span class='ocr_line' id='line_1_31' title="bbox 234 2732 1122 2832; baseline 0.005 -37"><span class='ocrx_word' id='word_1_193' title='bbox 234 2732 275 2795; x_wconf 88' lang='lat' dir='ltr'>Ut</span> <span class='ocrx_word' id='word_1_194' title='bbox 290 2747 463 2812; x_wconf 90' lang='lat' dir='ltr'>pronepos,</span> <span class='ocrx_word' id='word_1_195' title='bbox 481 2733 628 2809; x_wconf 87' lang='lat' dir='ltr'>Saturne,</span> <span class='ocrx_word' id='word_1_196' title='bbox 643 2743 731 2810; x_wconf 91' lang='lat' dir='ltr'>tuus,</span> <span class='ocrx_word' id='word_1_197' title='bbox 747 2749 840 2813; x_wconf 90' lang='lat' dir='ltr'>quem</span> <span class='ocrx_word' id='word_1_198' title='bbox 853 2736 985 2799; x_wconf 82' lang='lat' dir='ltr'>reddere</span> <span class='ocrx_word' id='word_1_199' title='bbox 998 2734 1122 2832; x_wconf 79' lang='lat' dir='ltr'>vitem</span> 
     </span>
     <span class='ocr_line' id='line_1_32' title="bbox 277 2815 1051 2894; baseline 0.008 -18"><span class='ocrx_word' id='word_1_200' title='bbox 277 2815 360 2876; x_wconf 88' lang='lat' dir='ltr'>Urbe</span> <span class='ocrx_word' id='word_1_201' title='bbox 375 2817 546 2880; x_wconf 81' lang='lat' dir='ltr'>Coronides</span> <span class='ocrx_word' id='word_1_202' title='bbox 560 2819 637 2880; x_wconf 80' lang='lat' dir='ltr'>vidit</span> <span class='ocrx_word' id='word_1_203' title='bbox 651 2819 713 2883; x_wconf 85' lang='lat' dir='ltr'>ab</span> <span class='ocrx_word' id='word_1_204' title='bbox 704 2836 774 2894; x_wconf 81' lang='lat' dir='ltr'>ipse</span> <span class='ocrx_word' id='word_1_205' title='bbox 787 2836 862 2882; x_wconf 88' lang='lat' dir='ltr'>sua</span> <span class='ocrx_word' id='word_1_206' title='bbox 1048 2877 1051 2882; x_wconf 91' lang='grc'><em>,</em></span> 
     </span>
     <span class='ocr_line' id='line_1_33' title="bbox 167 2874 1016 3001; baseline 0.008 -45.017"><span class='ocrx_word' id='word_1_207' title='bbox 167 2874 221 2956; x_wconf 81' lang='grc'>433</span> <span class='ocrx_word' id='word_1_208' title='bbox 235 2897 276 2959; x_wconf 88' lang='lat' dir='ltr'>ut</span> <span class='ocrx_word' id='word_1_209' title='bbox 290 2897 372 2958; x_wconf 89' lang='lat' dir='ltr'>Sinis</span> <span class='ocrx_word' id='word_1_210' title='bbox 387 2905 418 2960; x_wconf 89' lang='grc'>33</span> <span class='ocrx_word' id='word_1_211' title='bbox 432 2898 540 2976; x_wconf 85' lang='lat' dir='ltr'>Sciron</span> <span class='ocrx_word' id='word_1_212' title='bbox 556 2908 586 2962; x_wconf 92' lang='lat' dir='ltr'>et</span> <span class='ocrx_word' id='word_1_213' title='bbox 600 2918 669 2966; x_wconf 90' lang='lat' dir='ltr'>cum</span> <span class='ocrx_word' id='word_1_214' title='bbox 681 2902 894 3001; x_wconf 88' lang='lat' dir='ltr'>Polypemone</span> <span class='ocrx_word' id='word_1_215' title='bbox 908 2909 1016 2966; x_wconf 78' lang='grc'>333333</span> 
     </span>
     <span class='ocr_line' id='line_1_34' title="bbox 241 2980 1048 3062; baseline 0.004 -19.135"><span class='ocrx_word' id='word_1_216' title='bbox 241 2980 395 3056; x_wconf 82' lang='lat' dir='ltr'>Quique</span> <span class='ocrx_word' id='word_1_217' title='bbox 408 2980 501 3046; x_wconf 89' lang='lat' dir='ltr'>hemo</span> <span class='ocrx_word' id='word_1_218' title='bbox 517 2994 603 3060; x_wconf 86' lang='lat' dir='ltr'>parte</span> <span class='ocrx_word' id='word_1_219' title='bbox 618 2987 682 3062; x_wconf 90' lang='lat' dir='ltr'>sui,</span> <span class='ocrx_word' id='word_1_220' title='bbox 698 2994 787 3062; x_wconf 88' lang='lat' dir='ltr'>parte</span> <span class='ocrx_word' id='word_1_221' title='bbox 801 2987 952 3052; x_wconf 89' lang='lat' dir='ltr'>iuvencus</span> <span class='ocrx_word' id='word_1_222' title='bbox 967 2990 1048 3050; x_wconf 75' lang='lat' dir='ltr'>erata</span> 
     </span>
     <span class='ocr_line' id='line_1_35' title="bbox 231 3061 1094 3166; baseline 0.002 -40"><span class='ocrx_word' id='word_1_223' title='bbox 231 3061 352 3140; x_wconf 81' lang='lat' dir='ltr'>Quique</span> <span class='ocrx_word' id='word_1_224' title='bbox 364 3065 467 3134; x_wconf 83' lang='lat' dir='ltr'>trabes</span> <span class='ocrx_word' id='word_1_225' title='bbox 481 3081 619 3166; x_wconf 79' lang='lat' dir='ltr'>pressas</span> <span class='ocrx_word' id='word_1_226' title='bbox 624 3069 662 3132; x_wconf 84' lang='lat' dir='ltr'>ab</span> <span class='ocrx_word' id='word_1_227' title='bbox 677 3070 772 3134; x_wconf 90' lang='lat' dir='ltr'>humo</span> <span class='ocrx_word' id='word_1_228' title='bbox 787 3067 946 3134; x_wconf 87' lang='lat' dir='ltr'>mittebat</span> <span class='ocrx_word' id='word_1_229' title='bbox 938 3086 969 3132; x_wconf 91' lang='lat' dir='ltr'>m</span> <span class='ocrx_word' id='word_1_230' title='bbox 984 3083 1094 3130; x_wconf 74' lang='lat' dir='ltr'>aurosa</span> 
     </span>
     <span class='ocr_line' id='line_1_36' title="bbox 272 3145 991 3230; baseline 0.007 -22"><span class='ocrx_word' id='word_1_231' title='bbox 272 3147 427 3223; x_wconf 83' lang='lat' dir='ltr'>Aequoris</span> <span class='ocrx_word' id='word_1_232' title='bbox 443 3152 597 3226; x_wconf 87' lang='lat' dir='ltr'>aspiciens</span> <span class='ocrx_word' id='word_1_233' title='bbox 613 3154 707 3218; x_wconf 88' lang='lat' dir='ltr'>huius</span> <span class='ocrx_word' id='word_1_234' title='bbox 722 3160 753 3216; x_wconf 91' lang='lat' dir='ltr'>et</span> <span class='ocrx_word' id='word_1_235' title='bbox 766 3145 859 3218; x_wconf 81' lang='lat' dir='ltr'>huius</span> <span class='ocrx_word' id='word_1_236' title='bbox 875 3169 991 3230; x_wconf 77' lang='lat' dir='ltr'>equesa</span> 
     </span>
     <span class='ocr_line' id='line_1_37' title="bbox 230 3230 1040 3313; baseline 0.012 -22"><span class='ocrx_word' id='word_1_237' title='bbox 230 3230 378 3307; x_wconf 89' lang='lat' dir='ltr'>Quaeque</span> <span class='ocrx_word' id='word_1_238' title='bbox 392 3233 484 3295; x_wconf 83' lang='lat' dir='ltr'>ceres</span> <span class='ocrx_word' id='word_1_239' title='bbox 499 3236 579 3300; x_wconf 89' lang='lat' dir='ltr'>laeto</span> <span class='ocrx_word' id='word_1_240' title='bbox 594 3237 670 3302; x_wconf 89' lang='lat' dir='ltr'>vidit</span> <span class='ocrx_word' id='word_1_241' title='bbox 682 3240 846 3313; x_wconf 82' lang='lat' dir='ltr'>pereuntia</span> <span class='ocrx_word' id='word_1_242' title='bbox 858 3238 947 3303; x_wconf 86' lang='lat' dir='ltr'>vultu</span> <span class='ocrx_word' id='word_1_243' title='bbox 1037 3265 1040 3268; x_wconf 96' lang='lat'>·</span> 
     </span>
     <span class='ocr_line' id='line_1_38' title="bbox 163 3314 1052 3401; baseline 0.016 -25"><span class='ocrx_word' id='word_1_244' title='bbox 163 3322 218 3377; x_wconf 85' lang='grc'>413</span> <span class='ocrx_word' id='word_1_245' title='bbox 274 3314 411 3391; x_wconf 86' lang='lat' dir='ltr'>corpora</span> <span class='ocrx_word' id='word_1_246' title='bbox 425 3317 545 3382; x_wconf 85' lang='lat' dir='ltr'>Tbesea</span> <span class='ocrx_word' id='word_1_247' title='bbox 559 3321 741 3401; x_wconf 80' lang='lat' dir='ltr'>Cercyonea</span> <span class='ocrx_word' id='word_1_248' title='bbox 754 3339 861 3387; x_wconf 84' lang='lat' dir='ltr'>manu.</span> <span class='ocrx_word' id='word_1_249' title='bbox 1049 3326 1052 3330; x_wconf 81' lang='grc'><strong>’</strong></span> 
     </span>
     <span class='ocr_line' id='line_1_39' title="bbox 229 3396 1102 3484; baseline 0.014 -27"><span class='ocrx_word' id='word_1_250' title='bbox 229 3396 313 3459; x_wconf 88' lang='grc' dir='ltr'>Η333</span> <span class='ocrx_word' id='word_1_251' title='bbox 327 3399 395 3478; x_wconf 89' lang='lat' dir='ltr'>tibi,</span> <span class='ocrx_word' id='word_1_252' title='bbox 412 3417 506 3478; x_wconf 89' lang='lat' dir='ltr'>quem</span> <span class='ocrx_word' id='word_1_253' title='bbox 520 3405 634 3468; x_wconf 90' lang='lat' dir='ltr'>meritis</span> <span class='ocrx_word' id='word_1_254' title='bbox 648 3407 795 3484; x_wconf 88' lang='lat' dir='ltr'>precibus</span> <span class='ocrx_word' id='word_1_255' title='bbox 810 3421 881 3470; x_wconf 87' lang='lat' dir='ltr'>mee</span> <span class='ocrx_word' id='word_1_256' title='bbox 895 3399 1055 3469; x_wconf 86' lang='lat' dir='ltr'>devovet</span> <span class='ocrx_word' id='word_1_257' title='bbox 1046 3415 1102 3474; x_wconf 73' lang='lat' dir='ltr'>ue,</span> 
     </span>
    </p>
   </div>
   <div class='ocr_carea' id='block_1_3' title="bbox 0 0 1264 4008">
    <p class='ocr_par' dir='ltr' id='par_1_3' title="bbox 0 0 1264 4008">
     <span class='ocr_line' id='line_1_40' title="bbox 0 0 1264 4008; baseline 0 0"><span class='ocrx_word' id='word_1_258' title='bbox 0 0 1264 4008; x_wconf 95' lang='lat' dir='ltr'> </span> 
     </span>
    </p>
   </div>
  </div>
 </body>
</html>
