2454 4004
464 204 518 279 lll,
538 202 695 279 aaa-w,
717 203 768 268 35.
824 226 827 230 ·
1065 209 1128 274 269

381 433 551 554 ‘tiana
590 434 839 543 nunaunt.
896 377 899 380 ¹

198 570 317 676 ‘Alma
340 605 431 677 leve,’
448 603 511 664 dini
526 603 726 676 ‘geminorum
741 597 838 666 mater
851 607 996 673 Amorum
1007 615 1033 668 ε’
1106 681 1108 685 ,

240 689 288 748 Ad
304 695 403 747 vatem
419 688 520 748 voltus
535 686 646 763 rettulit
659 687 711 746 illa
724 703 811 762 suos.

174 827 177 832 .
197 773 291 846 ‘Quid
303 770 369 830 tihi’
385 771 593 830 ctrtmecuma
615 771 825 831 cenemaiora
840 773 983 834 canebas.
1022 845 1026 849 .

131 866 140 879 “
235 855 312 914 Num
327 862 414 914 vetus
429 855 459 912 in
473 853 556 912 molli
572 861 697 927 pectore
712 857 822 914 volnus
837 855 972 916 hahest’

166 937 288 1010 5‘Scis,
305 934 549 1011 dccx-respondi
563 936 615 996 ‘de
629 937 778 997 volnere!
805 939 880 1012 risit,
897 946 929 1002 et
940 943 1044 1003 aether

142 1073 145 1078 ,
169 1035 189 1054 .
234 1020 374 1079 Protinus
390 1035 429 1080 ex
444 1021 495 1080 illa
511 1026 598 1094 parte
612 1035 739 1090 serenus
749 1029 828 1094 ¹ercan.

196 1102 352 1174 ‘Saucius
363 1119 408 1162 ven
424 1119 529 1176 sonus,
545 1103 691 1177 numquid
706 1111 757 1164 tua
771 1105 859 1179 signa
872 1105 1000 1182 reliquit

233 1188 276 1248 Tu
291 1185 363 1246 mihi
375 1189 578 1262 propositum,
598 1192 631 1248 tu
644 1185 716 1245 milri
732 1202 853 1262 semper
868 1204 957 1271 opus.

195 1270 277 1344 Quae
292 1269 407 1342 decuit,
430 1271 535 1346 primis
550 1269 616 1330 sine
631 1269 755 1328 crimine
769 1271 896 1333 lusimus
912 1274 1014 1334 annis:
1080 1270 1084 1275 ’

149 1362 181 1413 10
235 1353 320 1414 Nunc
335 1355 440 1429 teritur
454 1353 567 1414 nostris
583 1367 655 1412 area
668 1353 765 1412 maior
778 1355 878 1429 equis.
895 1393 896 1398 κ

194 1431 345 1510 Tempora
359 1452 427 1498 cnm
443 1437 556 1511 nansia,
573 1435 734 1496 annalibus
749 1445 834 1496 eruto
849 1439 968 1514 priscis,
1036 1501 1037 1505 ,

236 1520 401 1594 Lapsaque
415 1520 473 1582 suh
494 1528 593 1581 terras
609 1527 738 1594 ortaque
753 1522 840 1595 signa
855 1537 941 1582 cano.

97 1658 100 1661 .
194 1604 342 1662 Venimus
359 1605 398 1663 ad
414 1611 561 1679 quartum,
585 1619 646 1678 quo
662 1609 693 1663 tn
709 1605 905 1666 celeberrima
919 1621 1034 1665 mense.

234 1686 272 1744 Et
287 1694 385 1746 vatem
401 1695 430 1746 et
443 1701 579 1748 mensem
594 1687 672 1759 scis,
694 1688 816 1763 Venus,
839 1703 911 1748 esse
924 1694 1017 1750 tuos’

145 1775 179 1828 15
192 1767 275 1829 Mota
290 1769 469 1845 Cytheriaca
482 1771 589 1831 leviter
602 1785 671 1829 mea
685 1777 824 1846 tempora
840 1778 939 1849 myrto

173 1928 175 1930 q
236 1852 365 1926 Contigit
379 1861 408 1912 et
422 1855 580 1928 ‘coeptum
596 1853 722 1928 perfice’
737 1854 812 1913 dixit
826 1859 943 1930 ‘opus’

195 1935 368 2010 SensimuS,
389 1944 421 1996 et
438 1953 550 1997 causae
566 1937 665 1998 subito
683 1944 807 2012 patuere
822 1938 948 2000 dierum.

235 2019 313 2077 Dum
326 2019 440 2079 licetet
452 2021 572 2095 spirant
588 2019 721 2094 flamina,
736 2023 824 2081 navis
840 2027 898 2081 eat.
1004 2075 1014 2088 ,

196 2100 227 2160 Si
243 2119 304 2174 qua
317 2110 417 2165 tamen
434 2119 505 2178 pars
521 2111 550 2162 te
565 2103 604 2163 de
619 2105 707 2165 lastis
721 2111 847 2179 tangere
862 2105 961 2177 dehet,

148 2193 184 2245 20
242 2184 370 2260 Caesar,
391 2187 422 2245 ia
437 2187 550 2262 Aprili,
575 2195 635 2261 quo
650 2188 792 2262 tenearis,
809 2187 914 2268 habes.

192 2268 249 2326 Hic
265 2267 305 2326 ad
319 2277 349 2328 te
360 2285 473 2344 magna
487 2270 646 2330 descendit
659 2271 790 2346 imagine
804 2271 928 2346 mensis,
955 2315 957 2320 ,
974 2343 976 2348 Ι

231 2349 269 2409 Et
287 2351 321 2426 fit
335 2353 480 2427 adoptiva
494 2353 649 2413 nobilitate
663 2360 742 2414 tuns.

191 2434 257 2493 lloc
271 2442 358 2508 pater
371 2437 497 2511 iliades,
513 2453 581 2496 cunt
596 2438 719 2512 longum
734 2438 880 2498 scriberet
894 2453 1014 2510 annum,

232 2517 329 2590 Vidit,
353 2526 384 2578 et
396 2525 537 2580 auctores
554 2522 666 2581 rettulit
679 2521 748 2595 ipse
766 2537 850 2582 suos.

141 2607 175 2662 25
190 2601 290 2672 thue
305 2602 471 2680 iero>Marti
486 2603 613 2676 primam
629 2603 713 2666 dedit
727 2605 834 2664 ordine
848 2611 970 2676 sortem,

232 2682 320 2756 Quod
335 2683 393 2744 sibi
407 2680 549 2745 nascenti
559 2689 807 2760 proxirnoicausa
821 2689 885 2762 luit,

192 2765 243 2826 Sic
257 2767 408 2828 Venerem
421 2768 566 2844 gradibus
581 2770 681 2830 multis
699 2769 729 2828 in
744 2777 834 2844 gente
847 2777 998 2847 repertam
1086 2831 1088 2836 ,

231 2850 364 2910 Alterius
380 2853 474 2917 volarit
488 2852 602 2916 mensis
616 2852 730 2913 hahere
744 2854 859 2913 locum=
929 2903 946 2919 ,,

190 2932 433 3010 Principiumque
447 2935 495 2996 sui
511 2936 633 3012 generis
647 2936 846 3012 revolutaque
861 2957 1011 3014 quaerens

41 3025 42 3028 ’
139 3023 176 3077 30
232 3015 378 3090 Saecula,
395 3026 544 3094 cognatos
558 3021 642 3080 venit
655 3021 798 3095 adusque
813 3022 899 3083 deos.

189 3099 354 3160 Dardanon
367 3103 488 3163 Electra
501 3103 634 3164 nesciret
646 3104 801 3166 Atlantide
816 3113 917 3168 natum

229 3182 367 3259 Scilicet,
387 3186 527 3246 Electran
542 3187 748 3250 concubuisse
762 3185 847 3250 levit
951 3221 952 3226 κ
1093 3247 1133 3252 .,

100 3266 102 3274 ”
188 3265 286 3326 Huius
300 3266 528 3331 Erichthonius:
550 3271 628 3334 Tros
642 3276 690 3333 est
703 3280 866 3347 generatas
881 3275 919 3334 ab
934 3277 1002 3335 illo:

229 3351 406 3414 Assaracon
421 3359 504 3414 creat
516 3353 581 3430 hic,
601 3356 838 3434 Assaracusque
856 3357 971 3436 Capyn.

106 3439 111 3508 t
138 3435 174 3491 35
188 3429 348 3498 Proximus
362 3437 531 3513 Anchises,
554 3453 622 3500 enm
638 3454 699 3513 quo
716 3439 874 3500 commune
889 3441 1023 3516 parentis
