2454 4004
266 231 268 234 ’
328 253 330 256 ’
386 235 507 320 Jv1,
528 247 684 312 eu-rea
1012 247 1074 314 ato

90 363 93 368 ι
118 377 120 384 Χ
140 438 142 442 »
189 401 291 478 thue
305 415 408 460 comes
424 401 576 476 sequitur,
594 399 789 476 destituitque
807 400 926 461 ducem.

123 539 126 548 ,
148 486 261 548 Strtllat
276 485 360 544 uidet
373 485 480 558 lanne,
499 500 577 558 quae
591 491 735 562 postsua
748 491 835 558 terga
849 491 1005 558 gerentum

177 569 236 628 1111
251 567 525 642 agis,·etlatebras
539 568 664 643 respicit
678 566 728 626 ille
742 573 819 626 tuas.

83 661 135 716 111
149 653 196 712 llil
212 653 293 727 agis,
310 657 363 710 en!
380 651 453 720 dixi.
481 667 552 710 nam
566 659 597 711 10
611 651 668 712 sub
682 665 760 725 rupe
773 650 916 710 latentem

65 769 67 772 ·
191 735 327 811 Occupat
340 736 497 810 amplexu,
514 750 633 810 speque
648 733 762 810 potitus
778 733 832 806 ait:

149 820 212 879 ‘lus
226 834 283 895 pro
299 815 461 878 concubitu
475 824 580 878 nostro
595 818 648 878 tibi
663 818 797 877 cardinis
816 824 892 878 esto.

110 965 111 970 ,
189 904 257 964 Ηο0
271 902 400 977 pretium
414 901 534 976 positae
548 902 725 978 virginitatis
741 899 852 983 habe!-
980 968 985 972 ,

149 985 199 1044 Sic
215 986 297 1043 latus
311 985 446 1058 spinam,
464 1000 525 1059 qua
538 986 641 1046 tristes
658 985 773 1060 pellere
789 990 898 1058 posset
985 1045 988 1049 ,

83 1076 137 1130 130
191 1068 219 1124 Α
236 1065 357 1140 loribus
367 1081 499 1128 noxas...
515 1066 591 1126 haee
607 1075 672 1128 eret
687 1067 786 1127 alba...
803 1067 904 1126 dedit·
925 1136 928 1139 ,
1102 1126 1105 1130 .

128 1176 130 1182 s
149 1151 226 1211 Sunt
238 1147 347 1220 avidae
361 1149 519 1221 volucres,
536 1152 691 1225 non-quae
704 1151 829 1210 Phineia
842 1149 957 1212 mensis
1053 1177 1055 1181 ·
1148 1152 1150 1156 ’

193 1234 316 1292 Gutture
330 1231 526 1304 fraudabant,
542 1234 599 1292 sed
615 1249 712 1307 genus
727 1233 798 1293 inde
813 1234 948 1295 trahunt:
1012 1241 1015 1246 “
1037 1301 1039 1303 ,

126 1333 128 1337 ·
150 1315 271 1378 Grande
285 1321 391 1391 caput,
407 1319 523 1374 stantes
539 1317 634 1390 oculi,
650 1322 751 1376 rostra
765 1321 839 1391 apta
849 1317 973 1391 rapinis,

193 1399 323 1461 Canities
339 1399 455 1474 pinnis,
470 1399 744 1474 ungtdbus.jhumus
761 1399 848 1458 inest.
1019 1455 1021 1461 s

82 1487 135 1544 135
148 1485 244 1566 llocte
255 1484 376 1556 uolunt,
397 1497 575 1558 puerosque
591 1490 698 1558 petunt
712 1482 835 1543 nutricis
851 1488 984 1558 egentes,
1021 1539 1022 1542 ,

191 1567 229 1626 Et
242 1566 349 1626 vitiant
363 1567 448 1626 cunis
463 1581 594 1641 corpora
603 1573 695 1646 rapta
709 1568 783 1628 suis.

151 1651 283 1726 Carpere
302 1648 442 1711 dicuntur
456 1650 597 1710 lactentia
610 1651 732 1711 viscera
745 1651 863 1723 rostris,
959 1711 962 1717 ,
996 1667 999 1675 ’

186 1735 228 1794 ,Et
242 1736 366 1809 plenum
380 1739 454 1808 polo
470 1735 618 1809 sanguine
632 1740 734 1809 guttur
752 1733 873 1793 hubent.
960 1793 962 1798 ,

149 1818 205 1877 Est
218 1817 278 1877 illis
294 1816 442 1892 strigibus·
453 1834 572 1878 nomen.
605 1819 663 1878 sed
676 1819 806 1878 nominis
822 1816 911 1878 huius

83 1899 139 1955 llo
193 1897 307 1976 Causa,
324 1901 408 1976 quod
421 1901 575 1961 horrenda
589 1902 718 1962 stridere
738 1907 826 1961 nocte
842 1901 950 1960 solent.

151 1983 224 2046 Sive
237 1985 327 2060 igitur
341 1992 507 2045 naseuntur
519 2001 607 2056 aves,
624 2001 681 2046 seu
694 1986 827 2044 carmine
841 1984 924 2057 liunt,

193 2069 369 2142 Naeuiaque
383 2067 414 2127 in
428 2071 570 2128 volucres
584 2069 686 2128 Marsa
700 2069 810 2143 figurat
824 2083 916 2127 anus:
989 2089 994 2122 ·.

150 2150 185 2211 ln
199 2153 350 2212 thalamos
368 2167 481 2211 venere
495 2151 619 2211 Procae.
647 2153 744 2212 Proca
758 2159 846 2212 natus
862 2152 892 2211 in
907 2151 965 2212 illis

194 2235 313 2294 Praeda
327 2249 435 2295 recens
450 2235 550 2294 avium
568 2237 702 2310 quinque
717 2231 825 2296 dicbtis
841 2239 918 2293 erat:

83 2311 138 2366 145
151 2320 342 2392 Pectoraque
357 2317 524 2378 exsorbent
538 2319 637 2379 avidis
653 2319 778 2381 infantia
792 2317 918 2392 linguis:
989 2352 991 2355 .

192 2403 234 2463 At
248 2417 324 2476 puer
339 2400 444 2460 infelix
460 2403 541 2475 vagit
555 2409 714 2478 opemque
720 2404 803 2476 petit.

149 2485 265 2544 Territa
279 2499 355 2543 voce
370 2484 417 2544 sui
431 2485 532 2544 nutrix
547 2486 677 2546 accurrit
690 2486 812 2560 alumni,

192 2569 230 2628 Et
243 2567 342 2642 rigido
360 2575 461 2628 sectas
479 2568 594 2628 invenit
607 2585 709 2644 ungue
724 2583 829 2643 genas.

152 2651 230 2727 Quid
245 2653 379 2711 laceret?
407 2653 492 2720 color
508 2651 569 2712 oris
585 2660 663 2726 erat,
680 2655 732 2727 qui
747 2651 907 2711 frondibus
922 2650 993 2726 olim

86 2737 140 2795 150
195 2737 274 2795 Esse
289 2735 368 2794 solet
382 2735 570 2810 seris,quas
586 2752 668 2803 nova
684 2735 772 2796 laesit
785 2735 893 2794 hiems.
950 2794 951 2797 ,
1121 2797 1122 2802 ,

151 2819 293 2880 Pervenit
306 2819 346 2878 ad
361 2818 512 2891 Cranaen,
530 2826 559 2878 et
572 2835 637 2878 rem
653 2821 751 2880 docet.
780 2820 835 2878 llla
848 2819 1011 2879 ‘Timorem

135 2957 142 2962 .
193 2901 291 2962 Pone!
306 2908 375 2962 tuus
391 2905 516 2978 sospes’
537 2903 613 2963 dixit
626 2905 780 2963 ‘alumnus
796 2903 873 2963 erit?

151 2988 287 3046 Venerat
301 2986 340 3045 ad
356 3001 460 3046 cunas.
489 2985 605 3046 llebant
620 2993 777 3062 materque
791 2993 952 3061 paterque:

96 3081 98 3086 ’
194 3067 383 3138 ‘Sistite‘vos
398 3069 553 3142 lacrimas,
569 3071 639 3148 ipse
652 3070 799 3131 medebor
807 3075 826 3127 t'
842 3071 892 3130 ait.
1022 3131 1027 3147 ,

86 3163 139 3220 111
152 3139 294 3213 Protinus
309 3153 435 3214 arbutea
449 3161 555 3228 postes
571 3162 616 3214 ter
629 3154 660 3214 in
675 3155 782 3215 ordine
797 3153 894 3234 tangit

134 3285 136 3288 .
193 3237 330 3311 Fronde,
344 3244 390 3297 ter
405 3236 531 3297 arbutea
545 3239 648 3298 linrina
662 3238 772 3298 fronde
789 3243 886 3298 notat:
1010 3235 1012 3240 ’

152 3317 274 3394 Spargit
290 3321 378 3396 aquis
394 3321 524 3381 aditus...
537 3327 566 3381 et
582 3337 681 3397 aquae
696 3321 885 3382 medicamen
895 3316 1078 3378 habebant„

192 3403 332 3478 Extaque
348 3406 386 3464 de
406 3421 502 3480 porca
519 3406 615 3466 cruda
628 3406 795 3464 bimenstre
807 3409 904 3465 tenet..

150 3486 251 3562 Atque
266 3487 307 3548 ita
321 3489 436 3550 ‘Noctis
453 3503 545 3565 aves,
562 3489 641 3558 extis
656 3487 836 3566 puerilibus’
851 3484 948 3559 inquil
