2454 4004
299 278 304 282 ,
409 228 452 301 v,
474 224 635 296 aea-vr,
656 223 686 286 o.

391 391 713 486 araneorum

122 544 173 606 Ad
186 544 292 604 Ianum
306 543 427 616 redeat,
445 542 496 618 qui
512 542 645 616 quaerit,
661 543 782 618 Agonia
797 539 870 617 quid
886 540 961 600 sinte

166 627 250 700 Quae
264 633 365 686 tamen
379 626 409 684 in
425 621 512 686 lastis'
527 625 587 687 hoo
603 641 728 714 quoque
741 632 863 700 tempus
877 622 999 683 habent.

418 809 420 814 ,
478 757 530 820 22.
551 759 607 817 FN

122 873 217 934 Nocte
229 881 380 948 sequente
396 874 476 934 diem
492 875 576 934 ranis
593 873 775 949 Erigoneius
792 875 862 934 exit.

165 957 220 1015 Est
233 957 292 1016 alio
308 957 387 1032 signi
401 958 521 1017 reddita
537 973 639 1018 eausa.
649 959 729 1018 loco.

367 1072 370 1080 '
402 1088 453 1150 aa.
482 1089 680 1151 arva-rr

58 1213 111 1270 725
125 1204 266 1266 Proxima
279 1205 408 1266 Volcani
421 1205 475 1264 lux
489 1211 551 1265 estz
579 1205 761 1266 tubilustria
776 1205 888 1265 dicunt.

163 1289 343 1350 Lustrantur
356 1303 468 1364 purae,
486 1304 563 1364 quas
579 1288 731 1362 moltitie,
747 1288 848 1348 tubae.
869 1293 872 1296 ’
977 1331 979 1334 -

364 1419 416 1484 24.
438 1395 671 1495 non-'or

124 1538 270 1612 Quattuor
285 1537 356 1598 inde
370 1538 451 1597 notis
466 1537 553 1599 loeus
570 1545 631 1611 est,
648 1513 759 1612 quibus
777 1536 884 1596 ordine
900 1535 985 1595 lectis

163 1621 222 1682 Vel
236 1638 303 1681 mos
319 1636 491 1694 sacrorum,
507 1623 556 1679 vel
571 1622 644 1694 tuga
658 1619 739 1718 regis
754 1620 843 1679 inest.

178 1761 182 1768 '
223 1753 355 1814 25.Αο
397 1752 526 1814 26.Βο
569 1751 693 1816 alca
736 1749 866 1818 28.D.C

305 1837 434 1898 29.EC
476 1833 527 1897 30.
549 1835 602 1894 FC
645 1833 695 1896 31.
720 1834 775 1894 GC
934 1831 937 1846 '

118 1951 183 2011 Nae
198 1958 227 2010 te
242 1959 417 2026 praetereo,
434 1951 540 2027 populi
554 1950 687 2009 Fortuna
702 1950 835 2024 potentis

53 2039 108 2096 730
164 2035 302 2108 Publica,
326 2036 375 2095 cui
389 2035 534 2109 templum
548 2036 616 2094 luce
635 2040 782 2108 sequente
800 2034 912 2094 datum.

18 2163 21 2166 .
118 2117 206 2178 Hane
222 2118 274 2178 ubi
288 2117 375 2178 dives
392 2120 479 2192 aquis
492 2115 646 2192 acceperit
658 2116 846 2191 Amphitrite,

164 2201 256 2260 Grata
274 2202 340 2261 Iovi
355 2203 456 2261 iulvae
470 2209 572 2263 rostra
589 2200 711 2260 videbis
726 2201 802 2260 avis.

118 2284 249 2343 Auferat
263 2300 303 2344 ex
319 2285 417 2345 oculis
430 2285 559 2344 veniens
574 2299 685 2344 aurora
698 2283 826 2354 Booten,

164 2365 373 2442 continuaque
389 2368 439 2427 die
454 2367 545 2428 sidus¹
554 2367 685 2444 Hyantis
701 2367 767 2424 erit.

458 2505 647 2521 ——·—-—-·-⁴--
654 2511 656 2514 -

347 2610 499 2712 unna
532 2626 743 2716 ‚snxrua
846 2670 869 2728 ,-

122 2745 182 2839 flio
198 2795 324 2855 quoque
337 2782 453 2840 mensis
468 2779 561 2840 habet
575 2779 684 2840 dubins
700 2779 731 2838 in
746 2779 869 2839 nornine
884 2793 1005 2840 causas.

162 2864 245 2937 Quae
259 2857 414 2938 placeant}
434 2864 545 2939 positis
560 2864 702 2924 omnibus
715 2863 784 2938 ipse
798 2863 892 2936 leges.

120 2947 213 3006 Facta
227 2963 345 3007 ranam.
375 2947 430 3006 sed
446 2954 549 3020 erunt,
568 2946 620 3022 qui
636 2962 684 3006 me
698 2946 828 3006 finxisse
842 2944 1013 3019 loquantur,

161 3031 311 3106 Nullaque
327 3031 446 3091 mortali
460 3031 582 3090 numina
598 3031 665 3090 visa
680 3036 794 3104 putent.

91 3124 107 3174 o
122 3114 176 3174 Est
190 3115 267 3175 dens
282 3115 312 3175 in
327 3113 431 3174 nobis!
461 3114 593 3188 agitante
612 3113 792 3172 calescimus
807 3112 858 3170 illo

160 3198 294 3272 Impetus
309 3197 359 3257 hio
375 3209 483 3258 sacrae
497 3196 615 3256 semina
629 3195 739 3256 mentis
752 3193 852 3255 habet.

119 3279 177 3340 Fas
191 3281 264 3341 mihi
282 3282 448 3356 praecipue
466 3282 568 3340 voltus
583 3278 701 3339 vidisse
713 3279 849 3354 deorum,

160 3364 218 3422 Vel
234 3364 306 3439 qula
324 3364 393 3424 sum
407 3369 510 3438 valea,
527 3364 578 3423 vel
594 3363 666 3438 quio
685 3377 775 3422 saara
789 3375 876 3422 cano.

119 3445 173 3505 Est
186 3463 294 3508 nemus
309 3446 470 3509 arboribus
485 3448 629 3521 densum,
653 3451 790 3506 secretus
806 3443 844 3504 ab
861 3441 943 3503 omni
