2454 4004
166 222 230 286 322
545 221 801 285 FASTORUM

184 385 236 440 226
250 377 412 451 Primaque
427 391 501 451 pars
516 374 607 435 huius
622 375 763 436 thalamis
778 377 879 436 aliena
891 387 1014 452 reperta
1030 389 1098 443 est.

292 459 369 520 Nam
383 459 456 522 mihi
472 460 517 518 sic
531 459 665 520 coniunx
680 468 788 520 sancta
801 461 898 521 Diali-s
912 463 967 522 ait:

193 619 195 626 y
251 546 368 604 ‘Donec
384 544 423 604 ab
438 544 531 602 iliaca
544 543 687 617 placidus
704 544 884 618 purgamina
897 545 995 606 Vesta

291 627 439 688 Detulerit
454 625 546 687 flavis
561 628 591 685 ln
605 641 690 686 marc
703 625 837 704 Thybris
848 629 949 702 aquis,

250 711 318 772 Non
333 711 406 770 mihi
422 712 555 772 detonso
571 711 672 770 crines
688 711 853 787 depectere
867 711 961 786 buxo,

185 797 237 854 2³0
293 795 360 854 Non
375 810 494 869 ungues
513 795 593 855 terro
611 794 811 856 subsecuisse
830 795 915 854 licet:

250 879 317 940 Non
331 878 470 952 tetigisse
484 879 596 952 virum,
613 878 753 956 quamvis
767 880 851 940 Iovis
866 879 917 938 1116
932 881 1101 954 sacerdos,

293 962 438 1036 Quamvis
453 969 605 1038 perpetua
619 962 660 1022 sit
673 963 743 1022 mibi
758 966 826 1038 lege
842 964 942 1022 datus.

250 1047 296 1109 Tu
312 1062 437 1121 quoque
452 1062 491 1106 ne
505 1062 650 1121 propera.
680 1047 790 1106 melius
802 1055 854 1106 tua
868 1047 930 1106 filia
944 1049 1049 1122 nubet,
1092 1103 1097 1108 ,,

292 1130 387 1204 Ignea
402 1145 471 1190 curn
488 1147 567 1206 pura
580 1131 678 1190 Vesta
693 1130 797 1191 nitebit
811 1131 927 1191 humo!

622 1259 651 1325 7.
679 1263 764 1322 FN·

188 1393 239 1449 aas
253 1383 354 1442 Tertia
368 1388 442 1457 post
455 1381 560 1441 Nonas
575 1384 898 1460 removere‘Lycaona
911 1383 1036 1444 Phoebe

294 1466 417 1538 Fertur,
435 1472 465 1525 et
479 1481 497 1524 a
511 1471 598 1540 tergo
614 1483 676 1524 non
695 1467 788 1527 habet
802 1467 883 1528 Ursa
897 1473 1020 1526 metum.

251 1551 335 1612 Tunc
350 1564 409 1624 ego
424 1563 473 1608 rne
488 1549 611 1609 memini
625 1550 716 1612 ludos
732 1553 762 1610 in
778 1552 913 1626 gramine
928 1551 1039 1630 campi

294 1632 446 1707 aspicere
461 1631 581 1706 6111161,
596 1634 713 1694 lubrice
726 1634 855 1713 Thybri,
872 1639 952 1694 tuos.

251 1718 343 1778 Festa
355 1717 422 1775 dies
437 1715 512 1790 illis,
529 1717 581 1791 qui
597 1717 659 1776 lina
674 1719 827 1778 madentia
841 1719 963 1790 ducunt,

186 1808 239 1862 240
296 1800 416 1875 Quique
430 1805 536 1874 tegunt
549 1801 656 1874 parvis
672 1817 744 1861 aera
758 1817 888 1862 recurva
903 1801 991 1862 cibis.

445 1931 479 2000 8.
502 1931 558 1991 GN
579 1949 899 1996 narrum-carra

252 2049 341 2108 Mens
357 2066 483 2126 quoque
498 2066 609 2110 numen
624 2051 724 2112 habet.
752 2052 863 2112 Mentis
878 2051 1005 2112 delubra
1028 2051 1170 2112 videmus

295 2133 377 2193 Vota
392 2141 474 2195 metu
486 2133 574 2209 belli,
588 2135 709 2210 perfide
722 2136 840 2211 Poene,
854 2137 905 2198 tui.

253 2216 354 2276 Poene
369 2216 552 2292 rebellaras,
569 2225 599 2278 et
613 2221 674 2279 leto
687 2221 825 2282 consutis
841 2235 947 2281 omnes

293 2301 422 2361 Attoniti
436 2301 559 2361 Mauras
575 2303 759 2376 pertimuere
777 2321 898 2365 manus,

188 2383 239 2442 245
256 2381 348 2457 Spem
366 2393 464 2444 metus
481 2386 654 2461 expulerat,
671 2403 741 2448 curn
755 2387 847 2448 Menti
863 2394 934 2448 vota
948 2394 1076 2448 senatus

296 2465 440 2542 Suscipit.
472 2475 502 2528 et
515 2471 624 2530 melior
637 2473 776 2546 protinus
792 2473 842 2530 illa
859 2471 948 2531 venit.

252 2549 374 2626 Aspicit
388 2552 537 2612 instantes
552 2554 663 2616 mediis
679 2571 736 2614 sex
751 2555 871 2616 lucibus
886 2555 959 2614 Idus

295 2635 350 2695 llla
366 2636 448 2712 dics,
465 2653 525 2710 qua
540 2645 611 2698 sunt
626 2645 698 2699 vota
712 2641 814 2700 soluts
828 2640 914 2698 deae.

436 2769 465 2832 9.
488 2772 517 2832 Η
535 2747 656 2834 VEST
676 2769 932 2834 rsa·vssrnc'

253 2887 365 2962 Vesta,
381 2889 466 2949 lavet
481 2889 546 2949 Tibi
563 2907 644 2952 nunc
657 2900 784 2967 operata
797 2891 980 2952 resolvimus
997 2904 1062 2962 ora,

185 2979 239 3034 250
295 2973 346 3030 Ad
361 2979 412 3033 tua
428 2974 455 3034 si
471 2973 560 3034 nobis
576 2991 666 3036 sacra
681 2976 786 3035 venire
800 2976 879 3034 licet.

254 3053 288 3114 ln
303 3069 397 3129 prece
411 3063 491 3118 totus
501 3074 605 3130 leram.
635 3059 782 3120 caelestia
796 3059 919 3118 nurnine
933 3057 1029 3130 sensi,

293 3137 450 3214 Laetaque
468 3159 624 3218 purpurea
639 3145 708 3204 luce
721 3143 840 3203 refulsit
854 3143 975 3202 burnus.

253 3221 320 3280 Non
335 3225 478 3299 equidem
493 3225 587 3286 vidi...
602 3230 724 3288 valeant
737 3227 898 3288 nren'dacia
913 3232 1049 3284 vatum...

293 3307 350 3378 Te,
367 3307 434 3365 dea.
465 3323 521 3366 nec
537 3311 638 3371 lucras
655 3311 834 3387 aspicienda
849 3309 926 3369 viro.

186 3393 241 3446 aas
257 3385 320 3446 Sed
338 3405 417 3461 quae
432 3390 618 3470 nescieram,
633 3410 828 3470 quorumque
843 3409 948 3453 errore
961 3390 1100 3465 tenebar,

290 3467 418 3544 Cognita
433 3477 504 3530 sunt
518 3474 600 3537 nullo
615 3480 824 3556 praecipiente
838 3477 921 3538 mihi.
