2520 4008
117 237 178 304 rna
513 229 574 292 nx
594 227 742 316 ncnnn
789 213 809 256 ’1

153 415 156 424 ·
228 389 406 452 xconsortes
420 380 506 444 urbis
521 381 671 458 comperit
682 394 755 440 esse
770 395 873 464 suaa
898 435 901 440 .

199 472 379 532 “Alteruter
390 465 498 528 vntis”
514 465 611 543 inquit
625 463 740 525 “cadat
753 461 855 525 hcetia
870 464 985 526 eteris:
1110 477 1111 480 ¹

238 553 289 615 An
304 552 425 629 patrias·
434 548 669 614 sedes-nuntius
683 547 759 608 alter
773 548 856 608 ent.”
914 604 917 608 .
974 605 977 610 .

156 649 190 704 85
202 640 250 700 Ire
264 635 348 697 iubet
359 633 494 713 Pylades
510 647 613 694 earum
628 630 782 707 periturus
797 629 941 692 Orestene
1060 639 1063 644 ·

241 721 299 786 Hic
312 727 413 796 negat.
444 719 539 792 inque
552 716 653 776 vicem
668 715 784 790 pugnat
797 720 926 789 uterque
940 715 1028 777 mori.

199 804 306 866 Extitit
317 803 378 864 hnc
392 817 494 876 unum,
516 797 601 876 quod
616 812 679 859 nnn
695 799 879 860 convenerit
887 797 962 860 iilis:

242 889 349 950 Cetera
362 899 420 964 par
433 897 565 944 concors
579 889 610 942 et
622 881 691 943 sine
704 880 758 942 lite
770 881 836 942 suit.
869 904 871 908 ·

200 971 279 1032 Dum
294 974 444 1047 peragant
458 965 577 1044 pulchri
592 965 720 1027 invenes
734 971 887 1028 certamen
903 965 1025 1042 amoris,

157 1061 193 1116 90
242 1053 292 1114 Ad
310 1053 432 1114 irenem
447 1050 577 1127 scriptas
592 1055 698 1110 exarat
711 1047 764 1108 illa
777 1056 879 1111 11111.
925 1117 929 1124 ,

199 1137 251 1201 Ad
264 1137 387 1198 iratrern
401 1133 546 1196 mandata
559 1131 662 1194 dabat.
695 1131 807 1208 cuique
823 1132 1067 1209 111111111111111.1

240 1219 397 1280 Humanas
413 1233 507 1282 cesus
521 1218 629 1294 aspice
637 1224 665 1276 1..
687 1216 781 1278 irater
795 1223 870 1278 erat.

198 1303 262 1366 Nec
276 1318 371 1364 mora
405 1301 445 1368 de
459 1301 572 1378 tenrplc
587 1299 713 1376 rapiunt
727 1299 891 1362 sirnnlacra
904 1298 1028 1374 Dianae,

241 1388 385 1462 clamque
400 1401 458 1462 per
470 1385 626 1449 inmensas
642 1387 747 1460 puppe
765 1385 901 1446 seruntur
916 1399 1022 1459 equas.

157 1481 191 1537 95
202 1470 297 1534 Mirus
314 1484 404 1532 antor,
416 1469 569 1545 iuvenum,
592 1469 733 1544 quemne
749 1468 853 1530 abiere
866 1475 911 1532 tot
925 1467 1005 1541 anui,

239 1557 274 1616 in
291 1553 418 1631 Scythia
431 1561 576 1628 magnum
588 1567 671 1615 nunc
687 1567 813 1628 quoqne
826 1567 938 1614 nomeu
951 1550 1066 1616 habet!

198 1636 315 1700 Fabula
328 1644 451 1699 nancta
463 1643 511 1699 est
523 1643 689 1713 postquam
702 1635 839 1712 unguis
853 1635 893 1697 ab
908 1635 969 1710 ilic,

241 1720 419 1784 Landarunt
434 1735 542 1782 omnes
561 1722 642 1782 iacta
657 1720 803 1796 piamque
817 1719 920 1782 fidem.

201 1804 325 1868 Scilicet
337 1803 396 1866 hnc
408 1805 516 1880 enan,
536 1821 599 1882 qua
612 1804 695 1866 nulia
708 1803 851 1879 ferocior,
874 1817 929 1866 cra

138 1897 188 1951 100
239 1889 356 1949 Nomen
371 1887 521 1951 amicitiae
534 1887 667 1951 where
681 1888 776 1950 corda
790 1895 903 1950 movet.
1144 1916 1147 1922 ·

200 1972 279 2048 Quid
293 1973 396 2036 tacere
408 1971 549 2036 Ausonia
562 1972 655 2048 geniti
671 1971 791 2036 dennis
805 1971 836 2032 in
850 1969 942 2045 Urbe,
1062 2035 1064 2037 ,
1143 1995 1146 2000 ·

240 2056 314 2119 cum
328 2062 453 2132 tangent
468 2055 733 2120 dncsutiatacta
748 2055 863 2118 Getasa
1075 2112 1077 2116 .

199 2139 299 2213 Adde,
322 2139 469 2216 quudeet
482 2139 601 2214 animus
616 2154 740 2216 seraper
753 2138 808 2200 tibi
818 2139 912 2218 mitis,
936 2140 1060 2200 etattnc
1088 2159 1090 2164 ·

237 2222 385 2284 Indicium
399 2239 501 2287 mores
516 2222 680 2288 nutriatis
696 2223 819 2295 hubent,
882 2265 886 2270 -
999 2279 1003 2288 ,

135 2317 184 2371 105
196 2307 280 2382 Quos
295 2307 431 2368 Volesus
445 2308 535 2385 patrii
551 2313 722 2385 cognoscat
735 2307 866 2370 nominis
881 2313 996 2382 auctor,
1063 2365 1067 2368 ,
1086 2302 1088 2306 ’

238 2391 322 2464 Quos
336 2391 434 2452 Numa
448 2399 602 2466 maternus
615 2407 677 2456 non
693 2399 786 2468 neget
798 2407 870 2454 esse
885 2405 970 2464 cuca,

195 2471 380 2550 adiectique
394 2473 524 2550 probent
537 2474 679 2551 genetiva
690 2476 729 2538 nd
744 2475 867 2537 nomina
883 2476 998 2548 cottae
1107 2471 1117 2536 ζ

238 2555 271 2618 Si
284 2564 318 2620 tu
332 2572 394 2618 nnn
408 2573 507 2631 esses,
530 2559 686 2624 interitura
702 2559 822 2620 domus.

195 2641 294 2716 Digne
307 2642 356 2702 vir
368 2642 427 2704 hac
441 2642 531 2719 serie,
551 2644 641 2720 lapso
657 2657 836 2709 succurrere
850 2639 948 2705 annito
1049 2679 1051 2684 -

133 2731 185 2789 110
240 2725 432 2788 conueniens
447 2726 514 2789 istis
529 2728 666 2790 moribus
683 2742 755 2790 esse
769 2734 857 2803 putu!
892 2763 895 2768 -

517 2865 731 2884 m

142 2905 183 3000 3.
238 2899 381 3004 nanno
403 2943 602 3007 unxina.

197 3025 235 3121 Sl
250 3069 341 3123 vacet
354 3065 497 3140 exignum
512 3066 645 3141 profugo
662 3065 736 3127 dare
750 3071 872 3144 tempus
887 3061 996 3137 arnico,

237 3143 365 3208 Osinius
380 3146 501 3224 Fabiae,
522 3149 664 3224 Maxime,
685 3151 795 3226 gentis,
818 3149 904 3224 ades,
1045 3201 1050 3206 .

193 3226 274 3290 Dum
289 3227 343 3290 tibi
359 3233 525 3309 quaeunt,
546 3233 686 3296 reseram.
721 3250 778 3298 seu
792 3233 934 3310 corporis
947 3228 1071 3302 umbra,

238 3311 300 3374 Seu
314 3315 379 3374 veri
395 3316 527 3392 species,
550 3331 607 3382 scu
621 3317 676 3380 init
689 3318 740 3379 itte
755 3332 862 3394 snper.
972 3371 974 3376 .

162 3400 179 3454 5
193 3393 262 3458 Nox
276 3403 385 3458 enatet
400 3397 515 3462 bitures
534 3399 665 3464 intrabat
679 3402 752 3464 luna
766 3403 926 3476 fenestras,

163 3475 954 3564 ymmfflmmwm.
