2520 4012
481 273 540 348 1v,
561 273 596 350 6,
617 273 715 351 6-8,
738 276 768 338 3.

241 425 276 486 ln
291 424 517 499 circumspectu
533 433 592 485 stat
607 427 674 486 sine
688 428 750 486 tine
765 429 821 486 sui.

145 517 181 572 45
195 507 286 570 Urbis
302 506 391 566 abest
405 509 515 581 iacies,
532 508 657 584 absunt,
673 526 742 568 mea
757 525 844 585 cura,
861 511 994 586 sodales,

239 592 292 663 Et,
315 605 377 664 qua
391 590 473 653 nulla
488 591 560 650 mihi
576 593 690 666 carior,
705 608 785 652 uxor
799 593 896 652 abest.

197 675 316 747 Vulgus
331 673 422 740 adest
437 673 613 751 Scythicum
629 675 833 750 braccataque
851 677 940 736 turbo
955 677 1106 738 Getarum.
1134 719 1137 732 .

241 755 292 816 Sic
306 757 386 816 maie
401 773 481 832 quae
496 757 589 819 video
605 775 667 818 non
681 759 849 832 videoque,
865 767 985 820 nocent.

198 841 267 902 Una
280 847 381 898 tamen
397 857 471 914 spes
487 848 549 914 est,
569 859 648 917 quae
663 860 712 902 mc
726 844 841 904 soletur
858 844 887 901 in
903 844 978 919 istis,

146 935 182 987 50
237 923 319 982 Haeo
334 923 400 982 lore
415 931 511 983 morte
525 941 594 985 mea
608 942 670 986 non
685 927 825 985 diuturna
838 929 926 985 mala.

135 1061 177 1156 7.
199 1057 259 1154 Bis
274 1111 323 1154 me
337 1096 385 1154 sol
400 1095 475 1155 adiit
488 1093 608 1170 gelidae
628 1103 699 1170 post
713 1097 826 1171 frigora
840 1098 973 1174 brumae,

236 1179 352 1252 Bisque
366 1195 455 1238 suum
469 1186 550 1238 tacto
565 1178 654 1238 Pisce
668 1181 786 1254 peregit
799 1182 864 1240 iter.

198 1263 347 1336 Tempore
361 1269 421 1321 tam
437 1261 529 1336 longo
546 1278 599 1322 eur
613 1279 674 1321 non
692 1270 743 1323 tua
759 1263 884 1323 dextera
898 1280 1007 1324 versus

240 1343 413 1417 Quamlibet
426 1345 457 1403 in
472 1361 590 1422 paucos
607 1345 747 1405 officiosa
763 1347 837 1407 luite

164 1440 181 1492 5
197 1427 255 1486 Cur
268 1434 319 1487 tua
335 1430 470 1489 cessavit
483 1429 597 1505 pietas,
611 1428 814 1490 scribentibus
829 1431 897 1504 illis,

234 1511 372 1585 Exiguus
386 1512 476 1572 nobis
492 1528 560 1572 cum
577 1513 687 1586 quibus
704 1529 778 1573 usus
794 1520 879 1574 erati

197 1594 256 1653 Cur
269 1595 380 1655 totiens
395 1595 486 1655 alicui
501 1596 623 1656 chartae
639 1613 696 1655 sua
709 1597 829 1655 vincula
844 1597 972 1672 dempsi,

235 1676 320 1736 illam
336 1679 460 1752 speravi
475 1694 586 1760 nomen
601 1677 715 1738 habere
728 1687 833 1740 tuum?

195 1760 232 1819 Di
247 1760 372 1835 iaciant,
388 1767 421 1820 ut
436 1778 531 1836 saepe
544 1768 596 1820 tua
612 1763 650 1821 sit
665 1763 795 1836 epistola
810 1762 917 1823 dextra

144 1853 181 1905 10
237 1841 368 1918 Scripta,
384 1844 442 1903 sed
457 1861 474 1902 e
489 1845 590 1904 multis
604 1846 724 1904 reddita
739 1847 821 1905 nulla
835 1846 923 1904 mihi!

197 1925 284 1999 Quod
298 1943 423 2002 precor,
440 1943 512 1987 esse
525 1929 629 2003 liquet.
664 1929 791 1988 Credam
807 1930 890 2004 prius
907 1946 961 1990 ura
974 1927 1123 1988 Medusae

238 2009 388 2084 Gorgonis
406 2011 566 2086 anguineis
583 2013 682 2071 cincta
697 2013 793 2071 luisse
808 2015 914 2087 comis,
1024 2084 1028 2089 ,

192 2091 274 2152 Esse
289 2107 381 2152 canes
396 2101 481 2153 utero
497 2094 554 2154 sub
571 2095 712 2170 virginis,
735 2095 1017 2169 esseChimaeram,

235 2177 266 2236 A
279 2182 363 2235 truce
379 2193 458 2250 quae
472 2176 603 2237 flammis
619 2184 742 2254 separet
755 2193 854 2251 angue
869 2178 957 2249 leam,

142 2264 179 2318 15
193 2259 478 2334 Quadrupedesque
491 2261 623 2320 hominis
639 2277 708 2322 oum
722 2267 846 2336 pectore
859 2267 982 2336 pectora
994 2261 1122 2336 iunctos,

234 2340 508 2419 Tergeminumquo
521 2345 620 2404 virum
633 2345 893 2420 tergeminumque
909 2360 1024 2417 canem,

195 2425 396 2502 Sphingaque
410 2433 440 2486 et
453 2427 608 2506 Harpyias
623 2427 917 2504 serpentipedesque
934 2429 1087 2503 Gigantas,

201 2525 205 2527 ·
237 2510 508 2585 Centimanumque
525 2511 612 2588 Gyen
627 2512 877 2586 semibovemque
890 2512 999 2571 virum.

193 2592 278 2652 Haeo
291 2609 349 2668 ego
370 2600 482 2654 cuncta
497 2595 595 2669 prius,
613 2601 763 2671 quomis,
780 2595 951 2669 carissime,
971 2595 1092 2654 credam

74 2711 78 2716 -
142 2689 181 2742 ιο
234 2675 381 2737 Mutatum
397 2691 500 2738 ourani
517 2677 703 2753 deposuisse
718 2679 786 2736 mei

193 2759 346 2820 innumeri
360 2768 481 2822 montes
497 2761 637 2820 interme
652 2769 757 2835 teque,
773 2759 903 2832 viaeque

234 2841 433 2920 Fluminaque
447 2853 479 2905 et
493 2847 609 2920 campi,
624 2859 680 2904 neo
695 2845 772 2902 lreta
786 2858 887 2918 pauca
901 2843 1008 2926 iacent.

192 2923 274 2984 Mille
286 2933 391 3001 potest
404 2928 523 3004 causis,
540 2945 559 2987 a
573 2937 602 2988 te
619 2943 698 3003 quae
712 2927 810 2987 littera
825 2938 920 3000 saepo

233 3009 329 3081 Missa
344 3011 400 3086 sit,
416 3011 447 3071 in
461 3017 585 3074 nostras
600 3028 669 3071 rara
683 3010 788 3070 venire
803 3025 921 3070 manus.

140 3097 176 3151 25
189 3091 272 3152 Mille
286 3099 387 3154 tamen
403 3111 515 3156 causas
530 3094 696 3156 scribendo
712 3094 801 3153 vince
817 3093 1001 3168 frequenter,

229 3175 383 3240 Excusem
397 3195 436 3238 ne
450 3185 480 3240 te
495 3193 633 3255 semper,
649 3178 762 3250 amice,
781 3176 869 3235 milri!

127 3305 173 3408 8·
195 3308 261 3408 lam
276 3364 346 3410 mea
360 3367 494 3428 cycneas
510 3351 663 3411 imitantur
676 3356 816 3424 tempora
831 3351 962 3424 plumas,

227 3431 326 3492 Inficit
341 3442 371 3495 et
384 3435 487 3509 nigras
503 3434 572 3494 alba
587 3442 711 3504 senecta
727 3449 841 3494 comas.
924 3460 929 3468 ,

185 3513 249 3574 Iam
266 3515 399 3577 subeunt
416 3517 486 3576 anni
502 3517 627 3593 fragiles
642 3524 672 3576 et
685 3517 810 3577 inertior
825 3520 919 3586 aetas,
