2520 4008
8 3527 10 3592 ἡ

9 3749 12 3813 i

124 245 183 309 ros
512 223 573 302 ax
595 237 744 302 rouro

206 398 308 460 Gratia
323 397 349 458 si
363 395 447 457 nulia
461 401 526 470 est,
539 393 683 454 lacrimae
697 389 750 452 tibi
765 389 863 467 gratia
876 389 960 454 fient.

142 491 193 545 100
245 482 309 541 Hae
324 485 424 556 potes,
447 485 498 539 aut
512 477 602 553 nulla,
626 483 712 553 parte
726 490 852 536 movere
868 475 956 536 deos.

205 565 289 640 Quae
302 563 356 625 tibi
370 579 410 624 ne
425 563 534 636 desint,
559 559 636 622 bene
652 576 708 637 per
719 561 801 620 maia
815 565 922 621 nostra
936 569 1073 624 cavetur:

243 648 358 725 Meque
372 648 438 708 viro
454 645 549 708 flendi
565 645 656 721 copia
670 645 758 706 dives
774 645 872 706 adest.

203 733 304 809 thue
318 746 409 794 meae
420 747 471 792 res
487 735 566 806 sunt,
589 729 681 804 omni,
704 734 787 804 puto,
809 735 948 805 ternpore
963 727 1062 791 flebis

243 817 308 877 Has
324 818 446 877 fortuna
459 813 513 874 tibi
528 820 633 874 nostra
648 811 798 875 mioistret
812 827 900 887 opes.

1248 807 1252 880 i

143 909 192 988 ,¹⁰⁵
203 899 238 962 Si
252 915 321 960 mea
334 915 418 962 mors
432 897 611 958 redimenda
625 905 707 959 tua...
723 897 809 974 quod
823 897 1013 958 abominor...
1029 906 1122 976 esset,
1251 891 1252 926 ³

246 983 368 1044 Admeti
384 981 526 1056 coniunx,-
547 998 638 1056 quam
653 981 838 1058 sequereris,
862 989 935 1042 erat.

203 1068 333 1128 Aemula
345 1065 516 1141 Penelopes
532 1064 634 1140 fieres,
657 1066 683 1126 si
698 1066 807 1126 fraude
822 1065 935 1141 pudica

243 1151 387 1212 Instantis
401 1149 499 1210 velles
514 1149 620 1211 tallere
635 1155 731 1225 nupta
746 1164 870 1226 procos.

204 1233 238 1296 Si
254 1249 358 1295 eomes
374 1233 498 1318 extincti
513 1249 619 1294 manes
634 1248 801 1310 sequerere
815 1232 922 1307 mariti,

142 1338 193 1392 110
244 1318 337 1380 Esset
351 1318 415 1380 dux
429 1317 500 1378 iacti
514 1317 681 1378 Laodamia
694 1317 747 1378 tui.

202 1403 306 1479 Iphias
322 1409 392 1462 ente
407 1402 514 1464 oeulos
528 1401 582 1462 tibi
597 1407 662 1462 erat
676 1402 830 1477 ponenda,
852 1403 966 1462 volenti

244 1487 362 1562 Corpus
377 1487 408 1546 in
423 1501 573 1546 accensos
587 1485 704 1546 mittere
720 1486 797 1546 iorte
810 1501 916 1561 rogos.

201 1571 300 1632 Morte
314 1569 388 1630 nihil
404 1584 483 1646 opus
499 1577 554 1643 est,
577 1569 651 1630 nihil
665 1569 826 1632 Icariotide
840 1570 909 1631 teia.

244 1653 385 1714 Caesaris
401 1659 449 1714 est
463 1653 596 1714 coniunx
614 1669 668 1714 ore
682 1655 839 1730 precanda
852 1661 915 1732 tue,

142 1753 191 1806 115
203 1738 286 1812 Quae
301 1745 436 1813 praestat
449 1739 559 1804 virtute
574 1755 639 1813 sua,
662 1754 701 1799 ne
717 1739 820 1814 prisea
835 1746 972 1801 vetustas
1003 1749 1005 1754 ’

236 1821 351 1882 'Laude
368 1821 532 1898 pudicitiae
546 1821 671 1883 saecula
687 1830 794 1883 nostra
808 1831 933 1900 premat.

204 1906 288 1980 Quae
301 1906 433 1966 Veneris
448 1907 584 1979 formam,
605 1921 707 1967 mores
723 1907 848 1969 iunonis
862 1907 1004 1968 habendo

246 1989 319 2052 Sola
334 1998 382 2050 est
397 1991 521 2052 caelesti
536 1991 628 2066 digna
642 1997 765 2066 reperta
779 1998 855 2052 toro.
945 1986 946 1991 ’

204 2073 282 2149 Quid
296 2073 433 2150 trepidas
448 2081 479 2135 et
492 2075 576 2135 adire
590 2075 701 2135 times?
721 2090 782 2136 non
798 2075 891 2151 impia
904 2073 1020 2136 Praene

141 2169 192 2224 120
243 2157 359 2217 Filiave
372 2159 489 2218 Aeetae
504 2174 583 2221 vooe
598 2157 751 2219 movenda
766 2154 895 2220 tuaest:

201 2240 264 2301 Nee
276 2257 371 2301 nurus
385 2242 529 2320 Aegypti,
551 2259 609 2303 neo
625 2258 720 2304 saeva
733 2243 972 2318 Agamemnonis
988 2259 1074 2318 uxor,

230 2323 420 2401 -Seyliaque,
444 2342 524 2402 quae
538 2326 657 2388 Siculas
673 2326 797 2403 inguine
812 2335 904 2388 terret
918 2345 1030 2404 aquas=

201 2407 386 2483 Telegonive
400 2423 513 2484 parens
527 2410 683 2471 vertendis
699 2419 771 2472 nata
784 2411 900 2486 figuris,

240 2490 387 2566 Nexaque
402 2493 539 2566 nodosas
556 2511 655 2570 angue
667 2493 799 2556 Medusa
810 2509 934 2557 comas:

139 2585 190 2640 125
201 2574 327 2636 Femina
342 2576 398 2636 sed
413 2576 567 2655 pmnoeps,
590 2580 697 2655 inqua
712 2579 833 2640 fortuna
847 2580 952 2640 videre
994 2573 1000 2578 “

174 2674 177 2681 ·
240 2658 282 2720 Se
296 2659 407 2736 probat
421 2667 451 2721 et
466 2677 577 2727 oaeoae
593 2664 718 2724 erimina
732 2664 811 2723 iaisa
822 2664 903 2724 tulit:

202 2743 267 2818 Qua
281 2743 356 2803 nihii
370 2745 401 2805 in
418 2746 507 2806 terris
523 2746 669 2808 adfinem
684 2747 761 2809 solis
777 2745 815 2806 ab
832 2749 900 2808 ortu

242 2827 368 2906 Clarius,
389 2838 519 2907 excepto
536 2831 675 2906 Caesare,
697 2831 831 2893 mundus
845 2831 946 2892 habet.
1004 2847 1006 2850 ·

143 2963 145 2968 ,
198 2909 308 2988 Eligito
322 2917 443 2990 tempus
459 2921 610 2991 oaptatum
626 2931 721 2991 saepe
735 2916 875 2992 rogandi,

136 3000 189 3056 1³0
241 2993 341 3054 Exeat
355 2997 488 3058 adversa
502 3015 541 3059 ne
554 3006 605 3060 tua
620 3001 708 3061 navis
724 3016 816 3075 aqua.

199 3077 267 3138 Non
282 3093 405 3155 semper
420 3097 525 3144 sacras
542 3084 674 3146 reddunt
690 3085 814 3144 oracula
829 3083 931 3157 sortis,

239 3161 374 3238 ipsaque
389 3172 450 3227 non
465 3168 547 3230 omni
562 3175 699 3244 tempore
715 3169 786 3229 iana
802 3173 914 3244 patent.

201 3244 276 3306 Cum
291 3253 388 3308 status
402 3249 493 3312 Urbis
509 3253 573 3327 erit,
595 3255 714 3328 qualem
731 3267 813 3314 nune
831 3263 963 3326 auguror
978 3260 1059 3330 esse,
1153 3304 1155 3310 .

239 3329 278 3390 Et
290 3329 392 3394 nuilus
406 3335 514 3411 popuii
529 3336 686 3398 contrahet
700 3351 756 3398 ora
770 3337 875 3400 dolam

138 3415 189 3471 135
200 3413 274 3472 Cum
289 3413 399 3478 domus
414 3417 555 3496 Augusti,
577 3420 706 3497 Capitoli
719 3436 805 3482 more
821 3417 961 3491 colenda,

239 3497 341 3573 Laeta,
366 3501 451 3578 quod
466 3511 513 3564 est
528 3511 557 3564 et
572 3504 618 3580 sit,
640 3506 794 3582 plenaque
807 3503 896 3582 pacis
910 3501 980 3561 erit=
