<?xml version="1.0" encoding="UTF-8"?>
<!DOCTYPE html PUBLIC "-//W3C//DTD XHTML 1.0 Transitional//EN"
    "http://www.w3.org/TR/xhtml1/DTD/xhtml1-transitional.dtd">
<html xmlns="http://www.w3.org/1999/xhtml" xml:lang="en" lang="en">
 <head>
  <title>
</title>
<meta http-equiv="Content-Type" content="text/html;charset=utf-8" />
  <meta name='ocr-system' content='tesseract 3.04.00' />
  <meta name='ocr-capabilities' content='ocr_page ocr_carea ocr_par ocr_line ocrx_word'/>
</head>
<body>
  <div class='ocr_page' id='page_1' title='image "./povidiusnaso01merkgoog_0277.png"; bbox 0 0 2454 4004; ppageno 0'>
   <div class='ocr_carea' id='block_1_1' title="bbox 158 245 807 321">
    <p class='ocr_par' dir='ltr' id='par_1_1' title="bbox 158 245 807 321">
     <span class='ocr_line' id='line_1_1' title="bbox 158 245 807 321; baseline -0.008 -11"><span class='ocrx_word' id='word_1_1' title='bbox 158 251 223 321; x_wconf 72' lang='lat'>262</span> <span class='ocrx_word' id='word_1_2' title='bbox 540 245 807 318; x_wconf 83' lang='lat' dir='ltr'>FASTORUM</span> 
     </span>
    </p>
   </div>
   <div class='ocr_carea' id='block_1_2' title="bbox 138 399 1217 3566">
    <p class='ocr_par' dir='ltr' id='par_1_2' title="bbox 138 399 1217 3566">
     <span class='ocr_line' id='line_1_2' title="bbox 178 399 898 486; baseline -0.014 -20"><span class='ocrx_word' id='word_1_3' title='bbox 178 415 232 472; x_wconf 74' lang='lat' dir='ltr'>alo</span> <span class='ocrx_word' id='word_1_4' title='bbox 289 402 445 478; x_wconf 88' lang='lat' dir='ltr'>Squalcnti</span> <span class='ocrx_word' id='word_1_5' title='bbox 460 399 539 462; x_wconf 88' lang='lat' dir='ltr'>Dido</span> <span class='ocrx_word' id='word_1_6' title='bbox 559 399 794 486; x_wconf 80' lang='lat' dir='ltr'>sanguinulenta</span> <span class='ocrx_word' id='word_1_7' title='bbox 809 413 898 458; x_wconf 90' lang='lat' dir='ltr'>coma</span> 
     </span>
     <span class='ocr_line' id='line_1_3' title="bbox 242 471 1176 562; baseline -0.004 -13"><span class='ocrx_word' id='word_1_8' title='bbox 242 489 280 549; x_wconf 77' lang='lat' dir='ltr'>Et</span> <span class='ocrx_word' id='word_1_9' title='bbox 294 487 402 562; x_wconf 68' lang='lat' dir='ltr'>‘Fuga</span> <span class='ocrx_word' id='word_1_10' title='bbox 423 501 462 546; x_wconf 89' lang='lat' dir='ltr'>ne</span> <span class='ocrx_word' id='word_1_11' title='bbox 477 483 595 558; x_wconf 88' lang='lat' dir='ltr'>dubita,</span> <span class='ocrx_word' id='word_1_12' title='bbox 616 471 782 555; x_wconf 81' lang='lat' dir='ltr'>maestum,</span> <span class='ocrx_word' id='word_1_13' title='bbox 804 481 888 556; x_wconf 88' lang='lat' dir='ltr'>iuge’</span> <span class='ocrx_word' id='word_1_14' title='bbox 908 481 1012 544; x_wconf 79' lang='lat' dir='ltr'><strong>dicere</strong></span> <span class='ocrx_word' id='word_1_15' title='bbox 1027 489 1176 546; x_wconf 68' lang='lat' dir='ltr'>acetum!</span> 
     </span>
     <span class='ocr_line' id='line_1_4' title="bbox 285 565 973 642; baseline -0.006 -12"><span class='ocrx_word' id='word_1_16' title='bbox 285 569 348 632; x_wconf 86' lang='lat' dir='ltr'>Sub</span> <span class='ocrx_word' id='word_1_17' title='bbox 364 569 491 630; x_wconf 82' lang='lat' dir='ltr'>verbani</span> <span class='ocrx_word' id='word_1_18' title='bbox 507 569 651 642; x_wconf 87' lang='lat' dir='ltr'>querulas</span> <span class='ocrx_word' id='word_1_19' title='bbox 667 565 776 640; x_wconf 83' lang='lat' dir='ltr'>inpulit</span> <span class='ocrx_word' id='word_1_20' title='bbox 789 580 864 625; x_wconf 87' lang='lat' dir='ltr'>aura</span> <span class='ocrx_word' id='word_1_21' title='bbox 880 565 973 626; x_wconf 88' lang='lat' dir='ltr'>iores.</span> 
     </span>
     <span class='ocr_line' id='line_1_5' title="bbox 242 648 968 729; baseline -0.008 -15"><span class='ocrx_word' id='word_1_22' title='bbox 242 653 334 716; x_wconf 83' lang='lat' dir='ltr'>Exilit</span> <span class='ocrx_word' id='word_1_23' title='bbox 339 701 347 729; x_wconf 89' lang='lat'>,</span> <span class='ocrx_word' id='word_1_24' title='bbox 322 660 392 713; x_wconf 90' lang='lat' dir='ltr'>tet</span> <span class='ocrx_word' id='word_1_25' title='bbox 408 652 501 712; x_wconf 87' lang='lat' dir='ltr'>velox</span> <span class='ocrx_word' id='word_1_26' title='bbox 515 651 619 711; x_wconf 90' lang='lat' dir='ltr'>humili</span> <span class='ocrx_word' id='word_1_27' title='bbox 635 665 730 724; x_wconf 89' lang='lat' dir='ltr'>super</span> <span class='ocrx_word' id='word_1_28' title='bbox 744 665 819 709; x_wconf 89' lang='lat' dir='ltr'>arva</span> <span class='ocrx_word' id='word_1_29' title='bbox 833 648 968 709; x_wconf 79' lang='lat' dir='ltr'>fenestra</span> 
     </span>
     <span class='ocr_line' id='line_1_6' title="bbox 152 733 925 816; baseline -0.012 -16"><span class='ocrx_word' id='word_1_30' title='bbox 152 811 155 816; x_wconf 20' lang='grc' dir='ltr'><em>Ι</em></span> <span class='ocrx_word' id='word_1_31' title='bbox 286 737 327 798; x_wconf 86' lang='lat' dir='ltr'>Se</span> <span class='ocrx_word' id='word_1_32' title='bbox 341 738 421 799; x_wconf 89' lang='lat' dir='ltr'>lacit.</span> <span class='ocrx_word' id='word_1_33' title='bbox 450 736 600 797; x_wconf 87' lang='lat' dir='ltr'>audacem</span> <span class='ocrx_word' id='word_1_34' title='bbox 614 734 729 794; x_wconf 88' lang='lat' dir='ltr'>lecerat</span> <span class='ocrx_word' id='word_1_35' title='bbox 742 733 811 809; x_wconf 88' lang='lat' dir='ltr'>lpse</span> <span class='ocrx_word' id='word_1_36' title='bbox 825 733 925 810; x_wconf 89' lang='lat' dir='ltr'>timor.</span> 
     </span>
     <span class='ocr_line' id='line_1_7' title="bbox 177 815 997 897; baseline -0.011 -10"><span class='ocrx_word' id='word_1_37' title='bbox 177 828 229 888; x_wconf 80' lang='lat'>645</span> <span class='ocrx_word' id='word_1_38' title='bbox 244 820 372 897; x_wconf 74' lang='lat' dir='ltr'>Quaque</span> <span class='ocrx_word' id='word_1_39' title='bbox 386 827 467 883; x_wconf 88' lang='lat' dir='ltr'>rnetu</span> <span class='ocrx_word' id='word_1_40' title='bbox 481 819 613 894; x_wconf 78' lang='lat' dir='ltr'>rapitur,</span> <span class='ocrx_word' id='word_1_41' title='bbox 630 817 732 878; x_wconf 89' lang='lat' dir='ltr'>tunica</span> <span class='ocrx_word' id='word_1_42' title='bbox 746 817 848 877; x_wconf 86' lang='lat' dir='ltr'>velata</span> <span class='ocrx_word' id='word_1_43' title='bbox 861 815 997 878; x_wconf 77' lang='lat' dir='ltr'>recincta</span> 
     </span>
     <span class='ocr_line' id='line_1_8' title="bbox 286 900 936 976; baseline -0.009 -12"><span class='ocrx_word' id='word_1_44' title='bbox 286 903 398 974; x_wconf 87' lang='lat' dir='ltr'>currit,</span> <span class='ocrx_word' id='word_1_45' title='bbox 415 909 448 964; x_wconf 90' lang='lat' dir='ltr'>ut</span> <span class='ocrx_word' id='word_1_46' title='bbox 463 901 574 963; x_wconf 87' lang='lat' dir='ltr'>auditis</span> <span class='ocrx_word' id='word_1_47' title='bbox 589 901 694 962; x_wconf 86' lang='lat' dir='ltr'>territa</span> <span class='ocrx_word' id='word_1_48' title='bbox 708 900 829 961; x_wconf 90' lang='lat' dir='ltr'>damma</span> <span class='ocrx_word' id='word_1_49' title='bbox 844 901 936 976; x_wconf 91' lang='lat' dir='ltr'>lupis.</span> 
     </span>
     <span class='ocr_line' id='line_1_9' title="bbox 167 983 1049 1062; baseline 0 -16"><span class='ocrx_word' id='word_1_50' title='bbox 167 1036 174 1046; x_wconf 94' lang='lat'>.</span> <span class='ocrx_word' id='word_1_51' title='bbox 244 988 390 1062; x_wconf 76' lang='lat' dir='ltr'>Corniger</span> <span class='ocrx_word' id='word_1_52' title='bbox 403 987 482 1046; x_wconf 86' lang='lat' dir='ltr'>hanc</span> <span class='ocrx_word' id='word_1_53' title='bbox 497 986 617 1060; x_wconf 88' lang='lat' dir='ltr'>cupidis</span> <span class='ocrx_word' id='word_1_54' title='bbox 631 983 774 1060; x_wconf 83' lang='lat' dir='ltr'>rapuisse</span> <span class='ocrx_word' id='word_1_55' title='bbox 787 983 943 1046; x_wconf 79' lang='lat' dir='ltr'>Numidas</span> <span class='ocrx_word' id='word_1_56' title='bbox 958 985 1049 1046; x_wconf 89' lang='lat' dir='ltr'>undis</span> 
     </span>
     <span class='ocr_line' id='line_1_10' title="bbox 286 1068 897 1144; baseline -0.007 -14"><span class='ocrx_word' id='word_1_57' title='bbox 286 1070 439 1143; x_wconf 81' lang='lat' dir='ltr'>Creditur,</span> <span class='ocrx_word' id='word_1_58' title='bbox 456 1076 485 1130; x_wconf 90' lang='lat' dir='ltr'>et</span> <span class='ocrx_word' id='word_1_59' title='bbox 500 1069 617 1144; x_wconf 79' lang='lat' dir='ltr'>stagnis</span> <span class='ocrx_word' id='word_1_60' title='bbox 633 1069 806 1128; x_wconf 88' lang='lat' dir='ltr'>occuluisse</span> <span class='ocrx_word' id='word_1_61' title='bbox 821 1068 897 1128; x_wconf 91' lang='lat' dir='ltr'>suis.</span> 
     </span>
     <span class='ocr_line' id='line_1_11' title="bbox 243 1151 950 1226; baseline -0.004 -13"><span class='ocrx_word' id='word_1_62' title='bbox 243 1153 367 1215; x_wconf 87' lang='lat' dir='ltr'>Sidonis</span> <span class='ocrx_word' id='word_1_63' title='bbox 383 1153 498 1213; x_wconf 88' lang='lat' dir='ltr'>interea</span> <span class='ocrx_word' id='word_1_64' title='bbox 513 1167 623 1226; x_wconf 90' lang='lat' dir='ltr'>magno</span> <span class='ocrx_word' id='word_1_65' title='bbox 640 1151 773 1213; x_wconf 88' lang='lat' dir='ltr'>clamore</span> <span class='ocrx_word' id='word_1_66' title='bbox 787 1167 844 1226; x_wconf 91' lang='lat' dir='ltr'>per</span> <span class='ocrx_word' id='word_1_67' title='bbox 858 1167 950 1226; x_wconf 88' lang='lat' dir='ltr'>agros</span> 
     </span>
     <span class='ocr_line' id='line_1_12' title="bbox 160 1235 1051 1311; baseline -0.008 -13"><span class='ocrx_word' id='word_1_68' title='bbox 160 1291 163 1298; x_wconf 80' lang='grc'>,</span> <span class='ocrx_word' id='word_1_69' title='bbox 178 1241 232 1296; x_wconf 83' lang='grc'>666</span> <span class='ocrx_word' id='word_1_70' title='bbox 283 1236 451 1311; x_wconf 74' lang='lat' dir='ltr'>Quaeritur.</span> <span class='ocrx_word' id='word_1_71' title='bbox 481 1242 632 1310; x_wconf 85' lang='lat' dir='ltr'>apparent</span> <span class='ocrx_word' id='word_1_72' title='bbox 646 1235 734 1310; x_wconf 86' lang='lat' dir='ltr'>signa</span> <span class='ocrx_word' id='word_1_73' title='bbox 748 1242 903 1310; x_wconf 86' lang='lat' dir='ltr'>notaeque</span> <span class='ocrx_word' id='word_1_74' title='bbox 917 1236 1029 1311; x_wconf 89' lang='lat' dir='ltr'>pedum</span> <span class='ocrx_word' id='word_1_75' title='bbox 1038 1239 1051 1291; x_wconf 68' lang='grc' dir='ltr'>ι’</span> 
     </span>
     <span class='ocr_line' id='line_1_13' title="bbox 242 1317 1026 1394; baseline -0.006 -13"><span class='ocrx_word' id='word_1_76' title='bbox 242 1323 374 1382; x_wconf 88' lang='lat' dir='ltr'>Ventum</span> <span class='ocrx_word' id='word_1_77' title='bbox 389 1326 454 1379; x_wconf 90' lang='lat' dir='ltr'>erat</span> <span class='ocrx_word' id='word_1_78' title='bbox 468 1319 508 1378; x_wconf 91' lang='lat' dir='ltr'>ad</span> <span class='ocrx_word' id='word_1_79' title='bbox 522 1319 616 1393; x_wconf 89' lang='lat' dir='ltr'>ripas.</span> <span class='ocrx_word' id='word_1_80' title='bbox 645 1319 764 1380; x_wconf 85' lang='lat' dir='ltr'>inerant</span> <span class='ocrx_word' id='word_1_81' title='bbox 775 1317 908 1394; x_wconf 87' lang='lat' dir='ltr'>vestigia</span> <span class='ocrx_word' id='word_1_82' title='bbox 921 1319 1026 1394; x_wconf 89' lang='lat' dir='ltr'>ripis...</span> 
     </span>
     <span class='ocr_line' id='line_1_14' title="bbox 286 1401 984 1477; baseline -0.003 -13"><span class='ocrx_word' id='word_1_83' title='bbox 286 1403 436 1465; x_wconf 81' lang='lat' dir='ltr'>Sustinuit</span> <span class='ocrx_word' id='word_1_84' title='bbox 450 1403 560 1463; x_wconf 87' lang='lat' dir='ltr'>tacitas</span> <span class='ocrx_word' id='word_1_85' title='bbox 576 1403 720 1462; x_wconf 90' lang='lat' dir='ltr'>conscius</span> <span class='ocrx_word' id='word_1_86' title='bbox 736 1401 834 1462; x_wconf 91' lang='lat' dir='ltr'>amnis</span> <span class='ocrx_word' id='word_1_87' title='bbox 851 1419 984 1477; x_wconf 51' lang='lat' dir='ltr'>aquas...¹</span> 
     </span>
     <span class='ocr_line' id='line_1_15' title="bbox 241 1485 1085 1564; baseline -0.005 -18"><span class='ocrx_word' id='word_1_88' title='bbox 241 1489 314 1563; x_wconf 92' lang='lat' dir='ltr'>lpsa</span> <span class='ocrx_word' id='word_1_89' title='bbox 327 1488 413 1562; x_wconf 89' lang='lat' dir='ltr'>loqui</span> <span class='ocrx_word' id='word_1_90' title='bbox 425 1488 495 1548; x_wconf 87' lang='lat' dir='ltr'>visa</span> <span class='ocrx_word' id='word_1_91' title='bbox 510 1493 557 1546; x_wconf 89' lang='lat' dir='ltr'>est</span> <span class='ocrx_word' id='word_1_92' title='bbox 572 1485 699 1564; x_wconf 75' lang='lat' dir='ltr'>‘Placidi</span> <span class='ocrx_word' id='word_1_93' title='bbox 713 1501 781 1545; x_wconf 90' lang='lat' dir='ltr'>sum</span> <span class='ocrx_word' id='word_1_94' title='bbox 796 1485 938 1564; x_wconf 83' lang='lat' dir='ltr'>nympha</span> <span class='ocrx_word' id='word_1_95' title='bbox 951 1485 1085 1546; x_wconf 81' lang='lat' dir='ltr'>Numici:</span> 
     </span>
     <span class='ocr_line' id='line_1_16' title="bbox 284 1567 1040 1646; baseline -0.003 -16"><span class='ocrx_word' id='word_1_96' title='bbox 284 1573 384 1630; x_wconf 82' lang='lat' dir='ltr'>Amne</span> <span class='ocrx_word' id='word_1_97' title='bbox 400 1586 535 1646; x_wconf 88' lang='lat' dir='ltr'>perenne</span> <span class='ocrx_word' id='word_1_98' title='bbox 548 1573 646 1630; x_wconf 86' lang='lat' dir='ltr'>latens</span> <span class='ocrx_word' id='word_1_99' title='bbox 661 1571 752 1628; x_wconf 86' lang='lat' dir='ltr'>Anna</span> <span class='ocrx_word' id='word_1_100' title='bbox 767 1567 906 1629; x_wconf 88' lang='lat' dir='ltr'>Perenna</span> <span class='ocrx_word' id='word_1_101' title='bbox 922 1573 1040 1630; x_wconf 68' lang='lat' dir='ltr'>vocor!</span> 
     </span>
     <span class='ocr_line' id='line_1_17' title="bbox 156 1653 932 1728; baseline -0.008 -9"><span class='ocrx_word' id='word_1_102' title='bbox 156 1655 163 1724; x_wconf 87' lang='grc'>1</span> <span class='ocrx_word' id='word_1_103' title='bbox 179 1665 231 1721; x_wconf 87' lang='grc'>666</span> <span class='ocrx_word' id='word_1_104' title='bbox 245 1653 386 1716; x_wconf 87' lang='lat' dir='ltr'>Protinus</span> <span class='ocrx_word' id='word_1_105' title='bbox 402 1655 510 1715; x_wconf 89' lang='lat' dir='ltr'>erratis</span> <span class='ocrx_word' id='word_1_106' title='bbox 524 1653 597 1713; x_wconf 86' lang='lat' dir='ltr'>laeti</span> <span class='ocrx_word' id='word_1_107' title='bbox 611 1660 779 1713; x_wconf 79' lang='lat' dir='ltr'>vescuntur</span> <span class='ocrx_word' id='word_1_108' title='bbox 789 1653 825 1713; x_wconf 88' lang='lat' dir='ltr'>in</span> <span class='ocrx_word' id='word_1_109' title='bbox 840 1653 932 1728; x_wconf 84' lang='lat' dir='ltr'>agris,</span> 
     </span>
     <span class='ocr_line' id='line_1_18' title="bbox 286 1735 1006 1812; baseline -0.01 -13"><span class='ocrx_word' id='word_1_110' title='bbox 286 1739 324 1799; x_wconf 82' lang='lat' dir='ltr'>Et</span> <span class='ocrx_word' id='word_1_111' title='bbox 338 1737 494 1798; x_wconf 85' lang='lat' dir='ltr'>celebrant</span> <span class='ocrx_word' id='word_1_112' title='bbox 507 1739 593 1812; x_wconf 86' lang='lat' dir='ltr'>largo</span> <span class='ocrx_word' id='word_1_113' title='bbox 608 1751 735 1811; x_wconf 88' lang='lat' dir='ltr'>remque</span> <span class='ocrx_word' id='word_1_114' title='bbox 750 1735 894 1810; x_wconf 87' lang='lat' dir='ltr'>diemque</span> <span class='ocrx_word' id='word_1_115' title='bbox 912 1753 1006 1796; x_wconf 85' lang='lat' dir='ltr'>mero.</span> 
     </span>
     <span class='ocr_line' id='line_1_19' title="bbox 244 1818 1174 1898; baseline -0.004 -18"><span class='ocrx_word' id='word_1_116' title='bbox 244 1820 321 1882; x_wconf 89' lang='lat' dir='ltr'>Sunt</span> <span class='ocrx_word' id='word_1_117' title='bbox 346 1820 457 1898; x_wconf 87' lang='lat' dir='ltr'>quibus</span> <span class='ocrx_word' id='word_1_118' title='bbox 477 1821 556 1880; x_wconf 89' lang='lat' dir='ltr'>haec</span> <span class='ocrx_word' id='word_1_119' title='bbox 576 1821 663 1880; x_wconf 79' lang='lat' dir='ltr'>Luna</span> <span class='ocrx_word' id='word_1_120' title='bbox 683 1825 745 1894; x_wconf 90' lang='lat' dir='ltr'>est,</span> <span class='ocrx_word' id='word_1_121' title='bbox 772 1819 844 1894; x_wconf 91' lang='lat' dir='ltr'>quia</span> <span class='ocrx_word' id='word_1_122' title='bbox 869 1818 1027 1878; x_wconf 89' lang='lat' dir='ltr'>mensibus</span> <span class='ocrx_word' id='word_1_123' title='bbox 1053 1819 1174 1892; x_wconf 87' lang='lat' dir='ltr'>impleat</span> 
     </span>
     <span class='ocr_line' id='line_1_20' title="bbox 857 1919 983 1962; baseline -0.04 0"><span class='ocrx_word' id='word_1_124' title='bbox 857 1919 983 1962; x_wconf 74' lang='lat' dir='ltr'>annllmt</span> 
     </span>
     <span class='ocr_line' id='line_1_21' title="bbox 242 1984 1097 2062; baseline 0.001 -21"><span class='ocrx_word' id='word_1_125' title='bbox 242 2031 245 2041; x_wconf 79' lang='grc'>,</span> <span class='ocrx_word' id='word_1_126' title='bbox 284 1987 358 2046; x_wconf 85' lang='lat' dir='ltr'>Pars</span> <span class='ocrx_word' id='word_1_127' title='bbox 373 1985 514 2062; x_wconf 88' lang='lat' dir='ltr'>Themin,</span> <span class='ocrx_word' id='word_1_128' title='bbox 532 1984 687 2046; x_wconf 89' lang='lat' dir='ltr'>Inachiam</span> <span class='ocrx_word' id='word_1_129' title='bbox 701 2001 774 2062; x_wconf 89' lang='lat' dir='ltr'>pars</span> <span class='ocrx_word' id='word_1_130' title='bbox 789 1992 875 2061; x_wconf 90' lang='lat' dir='ltr'>putat</span> <span class='ocrx_word' id='word_1_131' title='bbox 893 2001 963 2046; x_wconf 86' lang='lat' dir='ltr'>esse</span> <span class='ocrx_word' id='word_1_132' title='bbox 976 1984 1097 2047; x_wconf 83' lang='lat' dir='ltr'>bovem.</span> 
     </span>
     <span class='ocr_line' id='line_1_22' title="bbox 242 2067 983 2148; baseline -0.005 -16"><span class='ocrx_word' id='word_1_133' title='bbox 242 2069 401 2142; x_wconf 89' lang='lat' dir='ltr'>invenies,</span> <span class='ocrx_word' id='word_1_134' title='bbox 418 2071 514 2146; x_wconf 88' lang='lat' dir='ltr'>quite</span> <span class='ocrx_word' id='word_1_135' title='bbox 530 2068 689 2148; x_wconf 79' lang='lat' dir='ltr'>nymphen</span> <span class='ocrx_word' id='word_1_136' title='bbox 702 2069 858 2130; x_wconf 86' lang='lat' dir='ltr'>Atlantida</span> <span class='ocrx_word' id='word_1_137' title='bbox 873 2067 983 2141; x_wconf 85' lang='lat' dir='ltr'>dicant,</span> 
     </span>
     <span class='ocr_line' id='line_1_23' title="bbox 179 2152 994 2230; baseline -0.006 -14"><span class='ocrx_word' id='word_1_138' title='bbox 179 2157 232 2216; x_wconf 87' lang='grc'>660</span> <span class='ocrx_word' id='word_1_139' title='bbox 285 2153 390 2230; x_wconf 87' lang='lat' dir='ltr'>Teque</span> <span class='ocrx_word' id='word_1_140' title='bbox 403 2153 470 2218; x_wconf 91' lang='lat' dir='ltr'>lovi</span> <span class='ocrx_word' id='word_1_141' title='bbox 485 2153 618 2230; x_wconf 89' lang='lat' dir='ltr'>primos,</span> <span class='ocrx_word' id='word_1_142' title='bbox 635 2155 739 2226; x_wconf 87' lang='lat' dir='ltr'>Anna,</span> <span class='ocrx_word' id='word_1_143' title='bbox 755 2152 883 2212; x_wconf 90' lang='lat' dir='ltr'>dedisse</span> <span class='ocrx_word' id='word_1_144' title='bbox 898 2153 994 2212; x_wconf 90' lang='lat' dir='ltr'>cibos.</span> 
     </span>
     <span class='ocr_line' id='line_1_24' title="bbox 243 2233 1173 2313; baseline -0.006 -15"><span class='ocrx_word' id='word_1_145' title='bbox 243 2239 327 2298; x_wconf 86' lang='lat' dir='ltr'>llaec</span> <span class='ocrx_word' id='word_1_146' title='bbox 339 2252 472 2313; x_wconf 86' lang='lat' dir='ltr'>quoque,</span> <span class='ocrx_word' id='word_1_147' title='bbox 489 2237 733 2312; x_wconf 17' lang='lat' dir='ltr'>quamlraieram</span> <span class='ocrx_word' id='word_1_148' title='bbox 746 2243 869 2296; x_wconf 86' lang='lat' dir='ltr'>nostras</span> <span class='ocrx_word' id='word_1_149' title='bbox 883 2233 1072 2313; x_wconf 86' lang='lat' dir='ltr'>pervenitad</span> <span class='ocrx_word' id='word_1_150' title='bbox 1084 2249 1173 2294; x_wconf 90' lang='lat' dir='ltr'>aures</span> 
     </span>
     <span class='ocr_line' id='line_1_25' title="bbox 284 2319 924 2381; baseline -0.002 -1"><span class='ocrx_word' id='word_1_151' title='bbox 284 2319 387 2380; x_wconf 87' lang='lat' dir='ltr'>Fama.</span> <span class='ocrx_word' id='word_1_152' title='bbox 415 2337 473 2381; x_wconf 89' lang='lat' dir='ltr'>nec</span> <span class='ocrx_word' id='word_1_153' title='bbox 488 2337 506 2380; x_wconf 94' lang='lat' dir='ltr'>a</span> <span class='ocrx_word' id='word_1_154' title='bbox 521 2321 588 2380; x_wconf 84' lang='lat' dir='ltr'>veri</span> <span class='ocrx_word' id='word_1_155' title='bbox 604 2320 735 2380; x_wconf 90' lang='lat' dir='ltr'>dissidet</span> <span class='ocrx_word' id='word_1_156' title='bbox 748 2319 799 2380; x_wconf 91' lang='lat' dir='ltr'>illa</span> <span class='ocrx_word' id='word_1_157' title='bbox 814 2319 924 2380; x_wconf 88' lang='lat' dir='ltr'>fide.</span> 
     </span>
     <span class='ocr_line' id='line_1_26' title="bbox 242 2401 987 2464; baseline -0.001 -1"><span class='ocrx_word' id='word_1_158' title='bbox 242 2402 334 2463; x_wconf 88' lang='lat' dir='ltr'>Plebs</span> <span class='ocrx_word' id='word_1_159' title='bbox 349 2409 437 2464; x_wconf 89' lang='lat' dir='ltr'>vetus</span> <span class='ocrx_word' id='word_1_160' title='bbox 453 2409 483 2464; x_wconf 91' lang='lat' dir='ltr'>et</span> <span class='ocrx_word' id='word_1_161' title='bbox 496 2405 587 2464; x_wconf 91' lang='lat' dir='ltr'>nullis</span> <span class='ocrx_word' id='word_1_162' title='bbox 603 2404 767 2464; x_wconf 88' lang='lat' dir='ltr'>etiamtunc</span> <span class='ocrx_word' id='word_1_163' title='bbox 781 2410 845 2464; x_wconf 91' lang='lat' dir='ltr'>tuta</span> <span class='ocrx_word' id='word_1_164' title='bbox 858 2401 987 2464; x_wconf 90' lang='lat' dir='ltr'>tribunis</span> 
     </span>
     <span class='ocr_line' id='line_1_27' title="bbox 284 2479 1071 2562; baseline 0 -16"><span class='ocrx_word' id='word_1_165' title='bbox 284 2485 385 2562; x_wconf 86' lang='lat' dir='ltr'>Fugit,</span> <span class='ocrx_word' id='word_1_166' title='bbox 401 2486 475 2547; x_wconf 88' lang='lat' dir='ltr'>etin</span> <span class='ocrx_word' id='word_1_167' title='bbox 490 2485 577 2546; x_wconf 87' lang='lat' dir='ltr'>Sacri</span> <span class='ocrx_word' id='word_1_168' title='bbox 592 2487 707 2546; x_wconf 88' lang='lat' dir='ltr'>vertice</span> <span class='ocrx_word' id='word_1_169' title='bbox 722 2479 834 2547; x_wconf 90' lang='lat' dir='ltr'>montis</span> <span class='ocrx_word' id='word_1_170' title='bbox 850 2494 923 2546; x_wconf 89' lang='lat' dir='ltr'>erat.</span> <span class='ocrx_word' id='word_1_171' title='bbox 1042 2521 1053 2551; x_wconf 79' lang='lat'>:—</span> <span class='ocrx_word' id='word_1_172' title='bbox 1068 2523 1071 2528; x_wconf 34' lang='grc' dir='ltr'><strong><em>ι</em></strong></span> 
     </span>
     <span class='ocr_line' id='line_1_28' title="bbox 179 2569 1105 2648; baseline -0.01 -14"><span class='ocrx_word' id='word_1_173' title='bbox 179 2570 310 2636; x_wconf 80' lang='grc'><strong>6661616</strong></span> <span class='ocrx_word' id='word_1_174' title='bbox 327 2584 467 2648; x_wconf 88' lang='lat' dir='ltr'>quoque,</span> <span class='ocrx_word' id='word_1_175' title='bbox 484 2585 574 2645; x_wconf 89' lang='lat' dir='ltr'>quem</span> <span class='ocrx_word' id='word_1_176' title='bbox 589 2586 694 2630; x_wconf 88' lang='lat' dir='ltr'>secum</span> <span class='ocrx_word' id='word_1_177' title='bbox 707 2572 852 2645; x_wconf 87' lang='lat' dir='ltr'>tulerant,</span> <span class='ocrx_word' id='word_1_178' title='bbox 869 2569 1023 2630; x_wconf 85' lang='lat' dir='ltr'>deiecerat</span> <span class='ocrx_word' id='word_1_179' title='bbox 1036 2569 1105 2626; x_wconf 90' lang='lat' dir='ltr'>illos</span> 
     </span>
     <span class='ocr_line' id='line_1_29' title="bbox 285 2653 913 2730; baseline 0.006 -18"><span class='ocrx_word' id='word_1_180' title='bbox 285 2653 393 2716; x_wconf 90' lang='lat' dir='ltr'>Victus</span> <span class='ocrx_word' id='word_1_181' title='bbox 409 2660 439 2716; x_wconf 92' lang='lat' dir='ltr'>et</span> <span class='ocrx_word' id='word_1_182' title='bbox 449 2654 592 2714; x_wconf 88' lang='lat' dir='ltr'>humanis</span> <span class='ocrx_word' id='word_1_183' title='bbox 607 2653 714 2716; x_wconf 90' lang='lat' dir='ltr'>usibus</span> <span class='ocrx_word' id='word_1_184' title='bbox 729 2661 801 2730; x_wconf 86' lang='lat' dir='ltr'>apta</span> <span class='ocrx_word' id='word_1_185' title='bbox 816 2669 913 2716; x_wconf 45' lang='lat' dir='ltr'>emeres</span> 
     </span>
     <span class='ocr_line' id='line_1_30' title="bbox 245 2735 1178 2818; baseline -0.002 -21"><span class='ocrx_word' id='word_1_186' title='bbox 245 2735 316 2797; x_wconf 87' lang='lat' dir='ltr'>Orta</span> <span class='ocrx_word' id='word_1_187' title='bbox 332 2735 516 2798; x_wconf 85' lang='lat' dir='ltr'>suburbanis</span> <span class='ocrx_word' id='word_1_188' title='bbox 531 2738 682 2812; x_wconf 89' lang='lat' dir='ltr'>quaedam</span> <span class='ocrx_word' id='word_1_189' title='bbox 697 2739 752 2799; x_wconf 88' lang='lat' dir='ltr'>luit</span> <span class='ocrx_word' id='word_1_190' title='bbox 765 2738 855 2798; x_wconf 84' lang='lat' dir='ltr'>Anna</span> <span class='ocrx_word' id='word_1_191' title='bbox 868 2737 1005 2811; x_wconf 90' lang='lat' dir='ltr'>Bovillis,</span> <span class='ocrx_word' id='word_1_192' title='bbox 1173 2810 1178 2818; x_wconf 25' lang='grc'>1</span> 
     </span>
     <span class='ocr_line' id='line_1_31' title="bbox 284 2805 1217 2897; baseline 0.002 -18"><span class='ocrx_word' id='word_1_193' title='bbox 284 2819 419 2897; x_wconf 89' lang='lat' dir='ltr'>Pauper,</span> <span class='ocrx_word' id='word_1_194' title='bbox 436 2823 494 2882; x_wconf 90' lang='lat' dir='ltr'>scd</span> <span class='ocrx_word' id='word_1_195' title='bbox 508 2823 640 2882; x_wconf 90' lang='lat' dir='ltr'>mundae</span> <span class='ocrx_word' id='word_1_196' title='bbox 655 2822 825 2882; x_wconf 89' lang='lat' dir='ltr'>sedulitatis</span> <span class='ocrx_word' id='word_1_197' title='bbox 841 2837 927 2881; x_wconf 88' lang='lat' dir='ltr'>anus.</span> <span class='ocrx_word' id='word_1_198' title='bbox 1216 2805 1217 2875; x_wconf 76' lang='grc'>1</span> 
     </span>
     <span class='ocr_line' id='line_1_32' title="bbox 138 2878 1217 2980; baseline 0.005 -16"><span class='ocrx_word' id='word_1_199' title='bbox 138 2975 140 2980; x_wconf 41' lang='grc'><strong>,</strong></span> <span class='ocrx_word' id='word_1_200' title='bbox 244 2902 311 2974; x_wconf 90' lang='grc'><strong>1116,</strong></span> <span class='ocrx_word' id='word_1_201' title='bbox 327 2905 388 2963; x_wconf 89' lang='lat' dir='ltr'>levi</span> <span class='ocrx_word' id='word_1_202' title='bbox 403 2905 490 2964; x_wconf 90' lang='lat' dir='ltr'>mitra</span> <span class='ocrx_word' id='word_1_203' title='bbox 505 2920 601 2966; x_wconf 89' lang='lat' dir='ltr'>canos</span> <span class='ocrx_word' id='word_1_204' title='bbox 615 2903 756 2964; x_wconf 88' lang='lat' dir='ltr'>redimita</span> <span class='ocrx_word' id='word_1_205' title='bbox 770 2905 909 2980; x_wconf 87' lang='lat' dir='ltr'>capillos,</span> <span class='ocrx_word' id='word_1_206' title='bbox 1216 2878 1217 2969; x_wconf 72' lang='lat' dir='ltr'>i</span> 
     </span>
     <span class='ocr_line' id='line_1_33' title="bbox 180 2985 901 3060; baseline -0.021 -3"><span class='ocrx_word' id='word_1_207' title='bbox 180 2999 233 3056; x_wconf 85' lang='grc'>676</span> <span class='ocrx_word' id='word_1_208' title='bbox 286 2985 434 3060; x_wconf 85' lang='lat' dir='ltr'>Fingebat</span> <span class='ocrx_word' id='word_1_209' title='bbox 448 2989 575 3048; x_wconf 89' lang='lat' dir='ltr'>tremula</span> <span class='ocrx_word' id='word_1_210' title='bbox 591 2987 703 3048; x_wconf 88' lang='lat' dir='ltr'>rustica</span> <span class='ocrx_word' id='word_1_211' title='bbox 718 2986 779 3047; x_wconf 90' lang='lat' dir='ltr'>liba</span> <span class='ocrx_word' id='word_1_212' title='bbox 793 3003 901 3048; x_wconf 81' lang='lat' dir='ltr'>manu:</span> 
     </span>
     <span class='ocr_line' id='line_1_34' title="bbox 245 3068 1037 3146; baseline 0.001 -20"><span class='ocrx_word' id='word_1_213' title='bbox 245 3070 347 3142; x_wconf 87' lang='lat' dir='ltr'>Atque</span> <span class='ocrx_word' id='word_1_214' title='bbox 366 3069 407 3128; x_wconf 92' lang='lat' dir='ltr'>ita</span> <span class='ocrx_word' id='word_1_215' title='bbox 421 3087 477 3146; x_wconf 89' lang='lat' dir='ltr'>per</span> <span class='ocrx_word' id='word_1_216' title='bbox 491 3071 637 3146; x_wconf 92' lang='lat' dir='ltr'>populum</span> <span class='ocrx_word' id='word_1_217' title='bbox 653 3069 800 3130; x_wconf 82' lang='lat' dir='ltr'>fumantia</span> <span class='ocrx_word' id='word_1_218' title='bbox 814 3075 903 3132; x_wconf 85' lang='lat' dir='ltr'>mane</span> <span class='ocrx_word' id='word_1_219' title='bbox 918 3068 1037 3130; x_wconf 88' lang='lat' dir='ltr'>solebat</span> 
     </span>
     <span class='ocr_line' id='line_1_35' title="bbox 285 3149 959 3230; baseline 0.001 -20"><span class='ocrx_word' id='word_1_220' title='bbox 285 3149 438 3213; x_wconf 87' lang='lat' dir='ltr'>Dividere.</span> <span class='ocrx_word' id='word_1_221' title='bbox 465 3154 543 3216; x_wconf 87' lang='lat' dir='ltr'>haee</span> <span class='ocrx_word' id='word_1_222' title='bbox 558 3156 675 3230; x_wconf 91' lang='lat' dir='ltr'>populo</span> <span class='ocrx_word' id='word_1_223' title='bbox 690 3153 780 3230; x_wconf 89' lang='lat' dir='ltr'>copia</span> <span class='ocrx_word' id='word_1_224' title='bbox 794 3154 959 3228; x_wconf 83' lang='lat' dir='ltr'>gratatuit.</span> 
     </span>
     <span class='ocr_line' id='line_1_36' title="bbox 243 3233 1008 3314; baseline 0.004 -22"><span class='ocrx_word' id='word_1_225' title='bbox 243 3233 322 3294; x_wconf 88' lang='lat' dir='ltr'>Pace</span> <span class='ocrx_word' id='word_1_226' title='bbox 338 3233 421 3295; x_wconf 90' lang='lat' dir='ltr'>domi</span> <span class='ocrx_word' id='word_1_227' title='bbox 435 3238 516 3298; x_wconf 90' lang='lat' dir='ltr'>lacta</span> <span class='ocrx_word' id='word_1_228' title='bbox 529 3239 649 3312; x_wconf 90' lang='lat' dir='ltr'>signum</span> <span class='ocrx_word' id='word_1_229' title='bbox 664 3252 798 3314; x_wconf 87' lang='lat' dir='ltr'>posuere</span> <span class='ocrx_word' id='word_1_230' title='bbox 812 3253 956 3312; x_wconf 88' lang='lat' dir='ltr'>perenne,</span> <span class='ocrx_word' id='word_1_231' title='bbox 1002 3292 1008 3302; x_wconf 81' lang='grc'>,</span> 
     </span>
     <span class='ocr_line' id='line_1_37' title="bbox 287 3316 907 3396; baseline 0 -18"><span class='ocrx_word' id='word_1_232' title='bbox 287 3316 375 3390; x_wconf 82' lang='lat' dir='ltr'>Quod</span> <span class='ocrx_word' id='word_1_233' title='bbox 390 3320 447 3379; x_wconf 92' lang='lat' dir='ltr'>sibi</span> <span class='ocrx_word' id='word_1_234' title='bbox 463 3320 590 3380; x_wconf 88' lang='lat' dir='ltr'>delectis</span> <span class='ocrx_word' id='word_1_235' title='bbox 605 3321 657 3382; x_wconf 91' lang='lat' dir='ltr'>illa</span> <span class='ocrx_word' id='word_1_236' title='bbox 670 3319 791 3382; x_wconf 90' lang='lat' dir='ltr'>tulisset</span> <span class='ocrx_word' id='word_1_237' title='bbox 806 3337 907 3396; x_wconf 89' lang='lat' dir='ltr'>opem.</span> 
     </span>
     <span class='ocr_line' id='line_1_38' title="bbox 180 3399 1121 3480; baseline -0.003 -20"><span class='ocrx_word' id='word_1_238' title='bbox 180 3399 330 3463; x_wconf 81' lang='grc'><strong>6761116116</strong></span> <span class='ocrx_word' id='word_1_239' title='bbox 345 3402 432 3477; x_wconf 89' lang='lat' dir='ltr'>mihi,</span> <span class='ocrx_word' id='word_1_240' title='bbox 448 3418 503 3463; x_wconf 89' lang='lat' dir='ltr'>cur</span> <span class='ocrx_word' id='word_1_241' title='bbox 517 3410 651 3478; x_wconf 86' lang='lat' dir='ltr'>cantent,</span> <span class='ocrx_word' id='word_1_242' title='bbox 668 3412 825 3480; x_wconf 83' lang='lat' dir='ltr'>superest,</span> <span class='ocrx_word' id='word_1_243' title='bbox 840 3403 976 3466; x_wconf 87' lang='lat' dir='ltr'>obscena</span> <span class='ocrx_word' id='word_1_244' title='bbox 989 3399 1121 3474; x_wconf 86' lang='lat' dir='ltr'>puellae,</span> 
     </span>
     <span class='ocr_line' id='line_1_39' title="bbox 284 3482 1069 3566; baseline -0.003 -24"><span class='ocrx_word' id='word_1_245' title='bbox 284 3482 401 3544; x_wconf 86' lang='lat' dir='ltr'>Dicere.</span> <span class='ocrx_word' id='word_1_246' title='bbox 430 3501 501 3545; x_wconf 91' lang='lat' dir='ltr'>nam</span> <span class='ocrx_word' id='word_1_247' title='bbox 517 3491 643 3562; x_wconf 87' lang='lat' dir='ltr'>coeunt,</span> <span class='ocrx_word' id='word_1_248' title='bbox 659 3496 804 3566; x_wconf 88' lang='lat' dir='ltr'>certaque</span> <span class='ocrx_word' id='word_1_249' title='bbox 818 3488 932 3564; x_wconf 87' lang='lat' dir='ltr'>probra</span> <span class='ocrx_word' id='word_1_250' title='bbox 946 3493 1069 3544; x_wconf 86' lang='lat' dir='ltr'>canunt.</span> 
     </span>
    </p>
   </div>
   <div class='ocr_carea' id='block_1_3' title="bbox 0 0 1232 4004">
    <p class='ocr_par' dir='ltr' id='par_1_3' title="bbox 0 0 1232 4004">
     <span class='ocr_line' id='line_1_40' title="bbox 0 0 1232 4004; baseline 0 3"><span class='ocrx_word' id='word_1_251' title='bbox 0 0 1232 4004; x_wconf 95' lang='lat' dir='ltr'> </span> 
     </span>
    </p>
   </div>
  </div>
 </body>
</html>
