2520 4012
140 169 173 263 ιν7
523 212 761 267 PRAEFATIO.

140 363 181 400 res
190 350 333 400 oonieotura
344 350 489 412 emendate,
504 365 569 414 quae
578 366 660 414 neque
673 351 781 417 iudioiu,
793 366 874 416 neque
887 353 1059 419 disputatione
1069 367 1153 426 egent,

142 417 322 484 orthographia
333 434 366 470 ex
375 419 478 468 arbitrio
487 419 592 484 paulum
601 420 742 472 sublevata.

209 487 248 536 Ex
262 487 344 538 Ponto
358 487 416 537 libri
432 488 493 537 editi
508 495 567 538 sunt
580 488 616 538 ud
633 492 746 538 meroem
760 490 791 538 ab
801 489 902 542 Heinsio
916 489 1094 544 Samarianum
1109 509 1153 559 ap·
1233 485 1234 490 ’

140 555 261 622 pellatam
278 562 302 604 et
316 568 384 608 seeo.
395 553 430 606 tx
444 553 514 606 baud
529 557 623 607 iniuria
637 558 810 616 aestimatum,
833 559 877 620 qui
889 573 957 612 nune
969 568 1007 612 est
1019 562 1082 614 bibl.
1094 565 1150 615 urb.

140 623 348 688 Hamburgensis.
373 624 434 673 llius
447 623 614 686 bibliothecae
628 632 771 676 auratorum
786 633 810 674 et
825 627 1025 690 pmeieotomm,
1042 632 1153 691 virorum

139 691 354 755 amplissimorum
365 693 582 754 doctissimorum,
593 701 687 756 quanta
695 697 755 758 pars
766 693 880 743 fueritin
891 697 1002 748 ornanda
1010 695 1153 763 hao'opella

141 767 166 808 et
181 765 275 822 quanta
290 760 394 810 editoris
408 775 438 811 eo
453 763 554 811 nomine
564 761 700 827 obligatio,
717 761 824 827 intelligi
836 761 912 811 velim
924 778 956 812 ex
968 773 1085 818 aoourata
1094 768 1152 817 libri

140 829 227 878 eximii
237 828 415 893 descriptione.
450 829 593 880 Voluminis
603 830 699 880 iorrnaa
708 830 835 880 maximae
844 827 889 880 alti
899 829 992 895 pedem
1000 847 1078 882 uuum
1087 835 1152 900 digi-

140 903 180 946 tos
191 903 318 960 quattuor,
330 896 374 947 lati
381 897 482 962 pedam,
493 896 554 948 iolie
562 899 649 962 priora
660 895 782 959 CCXXII,
794 899 971 960 quaterniones
981 900 1087 964 pellium
1096 901 1152 966 (qui

140 971 199 1014 sunt
210 972 373 1029 octonorum,
388 966 512 1029 septimus
524 965 610 1016 desem
619 966 753 1031 loliorum)
764 965 857 1032 viginti
867 974 964 1034 septem
973 981 1031 1020 num
1046 968 1150 1022 dimidio

140 1033 267 1083 nuntiarent
275 1033 410 1100 Virgilium
418 1033 544 1100 integrum
553 1048 611 1087 oum
621 1033 708 1088 Servio
719 1050 769 1086 non
779 1036 886 1100 integro.
903 1035 1030 1086 adnexum
1039 1045 1077 1087 est
1087 1052 1151 1104 opus

139 1101 305 1165 ovidianum,
322 1116 373 1154 uon
387 1103 506 1153 eontinua
519 1104 622 1166 quidem
634 1105 661 1154 in
677 1103 838 1166 membrana,
855 1103 903 1155 sed
918 1111 1002 1155 tamen
1019 1105 1151 1170 persimili,

139 1177 164 1219 et
177 1171 307 1231 manibus,
325 1177 478 1232 atramento,
493 1171 589 1238 regulis
605 1173 696 1223 lisdem
707 1180 847 1224 exaratum.
875 1171 938 1224 lolia
951 1179 1009 1223 sunt
1024 1174 1151 1225 duodetri-

139 1239 224 1304 ginta,
237 1240 415 1301 quaterniones
424 1247 477 1290 tres
487 1253 544 1289 eum
555 1241 702 1308 dimidiato,
718 1255 825 1306 quorum
836 1241 900 1292 duos
908 1247 1052 1308 postremos
1061 1242 1151 1292 biblio·
1234 1269 1235 1306 3

138 1321 222 1372 pegus
232 1309 395 1372 permutavit.
415 1308 556 1374 Margines,
570 1323 633 1374 pars
644 1309 702 1376 plns
716 1323 792 1374 quam
806 1309 911 1360 dimidia
922 1311 1087 1377 paginarum,
1105 1325 1150 1360 va·
1234 1311 1235 1331 ¹

140 1382 205 1424 mut.
226 1389 314 1426 versus
330 1376 357 1425 in
370 1376 473 1443 paginis
483 1375 633 1442 plerumque
645 1379 750 1444 tricem,
767 1379 919 1444 pentametri
934 1379 1033 1428 reducti
1051 1394 1067 1429 a
1082 1393 1149 1428 mar-
1234 1403 1235 1446 3

158 1458 213 1508 me,
223 1443 350 1495 interdum
358 1443 497 1494 lemmstri
505 1458 551 1510 pro
561 1443 627 1512 illis,
639 1448 662 1496 si
673 1447 730 1510 quis
738 1453 894 1512 pentameter
903 1447 1011 1514 excidit,
1024 1445 1148 1511 velutli,

136 1459 252 1578 3640,
260 1509 374 1578 tto-90,
383 1509 411 1578 θ,
420 1510 534 1565 20-42.
551 1523 699 1580 argumento
709 1515 737 1566 id
745 1523 783 1566 est
791 1515 818 1566 in
827 1514 961 1582 archetypo
970 1515 1088 1565 reduetos
1099 1529 1149 1566 nou

135 1579 235 1644 fuisse,
253 1580 330 1644 idque
340 1581 366 1630 in
376 1578 426 1632 118
436 1582 564 1646 prioribus
574 1584 667 1651 viginti
678 1591 796 1647 quattuor
806 1583 922 1634 versibus
932 1583 1015 1633 sariba
1027 1583 1148 1632 imitatus.

137 1646 266 1713 Sorlptnra
281 1647 416 1700 luculenta.
438 1649 559 1715 ospitales
569 1651 667 1701 brerae
680 1652 734 1700 elus
744 1650 798 1700 fere
812 1651 918 1709 formae,
929 1650 1019 1713 quales
1031 1651 1058 1699 in
1068 1649 1147 1701 titul'v

136 1718 250 1781 priorum
260 1715 409 1783 Caesareis,
420 1717 486 1768 Fast.
497 1719 603 1784 Praem,
612 1717 663 1774 vol.
673 1717 910 1769 Hereumensrbus.
928 1718 953 1766 Α
967 1730 1018 1766 non
1033 1715 1148 1780 ligatum.

137 1786 247 1834 minores
255 1786 352 1850 primae
364 1783 554 1852 Garuliugontm
564 1788 667 1849 aetatis,
677 1789 687 1836 l
696 1799 805 1852 superne
814 1785 940 1850 spissum,
949 1798 968 1848 p
977 1783 1148 1833 sinistrorsum

136 1860 268 1918 apertum,
279 1861 292 1903 r
304 1853 380 1918 plene
390 1867 525 1919 prauum,
541 1857 553 1904 ι’
563 1857 619 1904 sine
629 1862 737 1924 puncto,
753 1853 808 1903 det
818 1867 834 1901 r
845 1851 923 1902 semel
935 1849 1052 1902 rotunde.
1070 1865 1148 1914 quae.

138 1922 197 1972 dam
207 1921 238 1972 de
248 1921 349 1986 capitali
360 1935 452 1986 genere
460 1921 655 1988 intermixta,ut
664 1924 740 1972 etiam
750 1919 930 1988 longobardiae
938 1917 1069 1985 nonnrdla,
1078 1919 1148 1970 velut
1185 1937 1187 1946 ,

136 2005 170 2040 ra
181 1990 336 2040 simillimum
349 1997 387 2040 est
399 2005 450 2054 uu,
466 2005 487 2040 u
499 1991 584 2041 simile
598 2006 629 2040 eo
638 1998 666 2054 ‚et
676 1990 826 2054 aliquotiens
836 1987 899 2038 haee
909 1995 1058 2054 pennutata.
1081 1987 1147 2038 Seri-
1235 2021 1236 2068 ,

136 2065 226 2123 ptume
241 2057 392 2122 oompeudla
406 2065 431 2106 et
446 2072 504 2108 rura
516 2066 540 2108 et
553 2059 679 2123 simplicia
692 2055 836 2110 admodum.
856 2055 1008 2119 aliquotiens
1022 2071 1035 2105 e
1048 2070 1094 2120 pro
1107 2071 1147 2116 aa,
1235 2079 1236 2118 3

136 2133 162 2176 et
172 2128 221 2190 ita,
230 2133 260 2177 ut
268 2125 434 2190 intelligatur,
442 2127 494 2175 iam
503 2127 531 2175 iu'
539 2126 674 2192 mebetppo
683 2127 773 2178 fuisse.
787 2123 869 2192 siglae
878 2131 980 2189 praeter
987 2125 1147 2174 consuetissi-
1235 2123 1236 2160 l

136 2208 193 2245 mes
202 2193 637 2258 praepositionum,partienlerum,
654 2194 831 2258 pronominum
841 2199 866 2241 et
882 2191 1147 2258 syllabarumuretua
1235 2237 1236 2274 ,

134 2261 221 2312 nubea
230 2261 477 2326 praetersioillorm,
488 2262 590 2323 quien,
604 2277 646 2322 er,
658 2267 697 2320 et,
713 2263 793 2324 t's‚it,
805 2266 845 2325 ut,
856 2266 970 2325 austri,
983 2265 1008 2309 et
1019 2258 1146 2308 semelrsm

134 2329 274 2394 signifieat.
301 2329 433 2380 Vocabuls
447 2328 573 2393 dirempta
586 2343 639 2379 non
650 2329 746 2390 ubique
762 2335 788 2378 et
803 2341 935 2394 perperam
954 2341 1144 2392 saepenumero,
1235 2323 1236 2330 ’

134 2397 205 2460 quod
222 2398 258 2446 ita
269 2395 329 2447 lieri
340 2397 385 2446 six
393 2398 485 2462 ‘potuim
497 2397 547 2448 nisi
558 2397 721 2464 mhuypum
733 2397 877 2447 nuntinuam
887 2397 1036 2461 scripturam
1048 2393 1145 2444 habuit.

134 2465 300 2527 quamobrem
312 2465 381 2528 quod
395 2467 487 2531 elqu'r,
495 2467 583 2531 neque
589 2467 721 2516 eoninnete
731 2479 832 2530 semper
844 2470 929 2518 emant
943 2477 994 2516 non
1008 2465 1096 2530 magni
1109 2471 1147 2512 est

135 2531 265 2586 momenti.
280 2539 412 2588 onumen
420 2531 711 2599 ublhppbeneteemma
719 2531 853 2599 iungendis
862 2531 1146 2602 eutsepsraudissqlla·

134 2601 176 2651 bis
185 2601 252 2651 idem
262 2601 378 2652 librau'us
385 2601 455 2652 baud
463 2601 563 2651 indoste
571 2602 700 2668 apposuit,
710 2601 754 2665 qui
762 2603 789 2651 ln
797 2600 946 2670 vulgaribus
956 2601 1047 2650 totiens
1057 2598 1146 2664 lapsus

134 2677 184 2719 est.
203 2670 305 2720 Praeter
313 2668 458 2735 mersisne
468 2676 494 2718 et
502 2677 624 2733 punctum
633 2669 744 2735 simplex
751 2669 792 2722 vel
801 2669 1023 2735 geminatum,nbi
1032 2669 1094 2730 quid
1103 2683 1146 2716 ax-

134 2737 211 2801 oidit,
225 2743 377 2798 crememus
387 2737 511 2800 quasdem
522 2737 547 2786 lu
559 2737 756 2788 interieotioned
769 2745 793 2788 et
803 2729 957 2789 lambenti
966 2737 979 2786 Ι
988 2733 1020 2802 8,
1028 2731 1076 2794 63,
1088 2741 1113 2784 et
1121 2735 1147 2782 in

133 2804 341 2868 quaternionibus
366 2805 502 2868 postremis
526 2805 640 2853 versibus
664 2806 784 2852 extmmls
808 2812 903 2866 panesa
925 2811 1033 2868 superne
1052 2803 1145 2864 posits,

134 2873 205 2936 qaod
220 2873 246 2921 iu
255 2872 364 2936 virgilio
373 2871 441 2921 idem
449 2870 491 2932 tis,
506 2871 712 2938 impanationis
723 2869 820 2919 nullum
830 2868 906 2934 plane
913 2868 1065 2932 vestigium,
1081 2881 1146 2928 quue

133 2943 163 2990 in
170 2939 279 3004 Virgilio
287 2939 407 3002 irequens
418 2946 443 2990 et
455 2940 543 3001 doute,
559 2947 588 2989 ut
599 2939 713 3000 videtur,
729 2937 776 2988 sed
787 2939 820 2988 ab
828 2937 881 2988 alia
890 2949 969 2986 mauu
981 2931 1147 3000 deprehendi-

134 3015 185 3059 um
205 3007 307 3057 rdiotue
324 3007 399 3057 etiam
410 3007 515 3059 munes
529 3007 656 3074 quaedam
670 3015 696 3058 ei
708 3019 828 3074 resurae,
846 3020 913 3070 quas
925 3003 1031 3054 ahmam
1045 3016 1146 3052 menum

132 3075 441 3141 ementeriessvldentnr.
458 3076 536 3128 'lituli
545 3078 674 3138 librarum,
685 3089 748 3144 quos
755 3073 902 3142 probandos
910 3072 1008 3142 putavi,
1020 3077 1045 3120 et
1053 3072 1146 3136 episto-

135 3144 235 3204 larum,
245 3145 392 3207 qsosndu
400 3145 526 3214 obiissse,
539 3147 569 3196 in
577 3146 703 3212 prioribus
711 3144 813 3211 paginis
822 3143 970 3210 plerumque
981 3139 1084 3204 desunt,
1100 3137 1146 3188 ali-

132 3213 254 3276 quotiens
262 3213 345 3264 minio
353 3213 436 3281 ducta,
446 3217 473 3266 in
503 3215 619 3266 ostremi
625 3212 831 3279 quaternionibus
839 3213 870 3262 ab
881 3212 938 3276 ipso
947 3208 1048 3259 librario
1056 3206 1146 3256 eudem

133 3287 273 3332 ammento
281 3282 379 3347 sosipta
388 3293 457 3334 sunt.
500 3291 573 3334 esunt
581 3297 649 3346 quae
657 3281 775 3332 Heinsius
783 3279 917 3334 indicarit.

202 3349 277 3400 Fides
287 3350 381 3402 oodlsis
390 3353 448 3417 ipss
455 3358 581 3404 vetustste
589 3352 678 3406 maior.
689 3350 760 3400 Vitia
771 3355 830 3400 sunt
841 3345 1008 3415 ignorantiae,
1020 3342 1145 3393 interdum

134 3415 318 3478 mansuetis.
331 3419 458 3485 syllabae,
473 3435 562 3485 sones,
576 3421 695 3486 iteratae,
711 3420 835 3478 omissae,
850 3429 938 3466 versus
947 3413 1079 3479 suppressi
1087 3423 1146 3476 pro·

131 3486 280 3548 Prusiade
289 3485 404 3555 initium,
417 3487 471 3550 12,
482 3486 530 3555 86,
540 3487 600 3554 lio,
611 3486 660 3556 80,
676 3495 720 3538 aut
733 3493 838 3554 propter
849 3483 946 3536 similes
959 3481 1085 3532 sublestae
1096 3475 1146 3544 spl-
