2454 4004
138 234 203 310 554
521 241 778 304 5515555551

186 352 405 496 cqnuina
419 396 539 479 mortali
552 410 614 454 non
628 395 790 454 relerenda
803 355 893 471 sono,
960 422 967 433 -
999 415 1004 425 ·

222 474 324 556 Inque
334 473 404 541 loco
420 474 538 554 eorpus
550 479 635 554 pueri
651 478 773 537 vivente
787 479 892 538 favilla
992 499 1002 528 «-
1076 493 1084 504 “

266 564 386 636 Obruit,
403 564 567 623 humanum
581 567 691 636 purget
705 563 758 621 ut
751 562 842 636 rgnis-
839 578 934 624 onus.
1000 559 1001 562 ’
1106 568 1113 580 “

156 654 208 710 555
223 647 345 708 Excutit
333 654 381 708 tur
396 663 505 708 somno
521 648 611 706 stulte
627 645 677 719 pia
692 652 803 716 meter,
818 653 850 704 et
863 661 968 706 amens
1018 661 1022 674 ·

264 732 357 805 ‘Quid
372 731 481 793 facist’
505 729 671 801 exclamat,
695 717 891 822 membraque
905 731 968 790 ab
960 746 1031 804 igne
1046 731 1139 806 rapit.
1221 751 1222 828 q

223 815 277 875 Cui
293 817 351 876 dea
365 813 470 874 ‘Dum
470 829 532 873 non
548 817 605 887 es,'
626 812 702 872 dixit
716 797 880 873 ‘scelerata
894 814 989 878 luisti:

262 899 356 958 Inrita
369 903 430 958 mal
431 914 505 957 erno
521 903 592 956 sunt
607 910 674 954 mea
688 896 770 956 dona
784 904 875 957 nietu
926 927 929 936 ‚

222 982 284 1042 Iste
301 983 424 1061 quidem
439 979 576 1041 mortalis
592 981 656 1038 erit
686 981 743 1039 sed
758 980 874 1054 primus
890 981 987 1040 arabit

158 1069 211 1124 560
265 1067 445 1127 Ettserete
459 1066 540 1125 culta
553 1079 690 1140 praemia
704 1065 789 1122 tollet
804 1064 919 1124 humo?
1221 1023 1222 1112 5

222 1151 319 1223 Dixit,
335 1157 366 1210 et
382 1147 543 1224 egrediens
559 1147 670 1206 nubem
684 1147 806 1206 trahit
775 1164 891 1222 ‚mque
909 1149 1058 1209 dracones

263 1233 396 1306 Transit,
415 1240 450 1292 55
439 1233 518 1292 55555
518 1248 570 1292 cro
586 1233 699 1308 tollitur
712 1247 771 1290 axe
787 1231 889 1290 Ceres

223 1317 339 1377 Sunion
357 1315 532 1392 expositum
546 1316 716 1390 Piraeaque
731 1322 794 1374 tuta
809 1331 936 1376 recessu
988 1309 993 1322 ”

262 1403 440 1476 Linquite
443 1402 496 1459 tin
443 1401 655 1460 tdextrum
670 1415 749 1472 quae
764 1396 843 1458 iacet
857 1399 912 1459 555
926 1401 1012 1462 latus

156 1489 207 1546 555
223 1483 319 1544 Hinc
317 1483 371 1546 init
384 1488 550 1559 Aegaeum,
574 1499 634 1558 quo
651 1483 803 1559 Cycladas
817 1484 928 1558 aspicit
943 1501 1057 1560 omneS,

263 1570 443 1643 Ioniumque
457 1583 555 1641 rapax
569 1569 760 1642 Icariumque
774 1567 898 1642 55555ιι.

148 1674 151 1680 ’
221 1653 340 1727 Perque
356 1652 449 1712 urbes
463 1653 559 1712 Asiae
575 1651 697 1725 longum
712 1650 788 1725 petit
797 1649 1039 1727 Hellespontum

245 1735 484 1810 Diversumque
498 1736 576 1794 loeis
591 1737 652 1794 5555
666 1741 802 1809 pererrat
815 1734 880 1802 iter.
934 1737 937 1752 ’

221 1820 298 1878 Nam
312 1820 405 1880 modo
421 1819 568 1892 turilegos
582 1819 719 1891 Arabas,
735 1811 832 1878 adedo
844 1801 974 1896 despicit
988 1821 1091 1895 Indue,
1221 1799 1222 1868 5

154 1909 208 1965 570
261 1904 339 1963 51555
355 1903 466 1980 libys,
489 1903 559 1961 hinc
573 1902 679 1960 Meroe
694 1903 838 1976 siccaque
852 1909 934 1964 terra
949 1905 1068 1964 subest:

114 2021 115 2026 1
220 1983 1152 2064 NuncadltHesperios,RhenumRhodanumquePadamque

238 2109 239 2112 =
262 2072 367 2144 Teque
381 2071 480 2130 luture
495 2085 624 2148 parens,
638 2069 762 2146 Thybri,
779 2073 912 2145 potentis
925 2089 1036 2148 aquae.

222 2154 287 2227 Quo
303 2155 405 2214 seror?
426 2149 597 2214 inmensum
612 2161 659 2214 ost
674 2161 790 2214 erratas
803 2155 906 2215 dicere
921 2163 1027 2216 terras.

262 2239 446 2298 Praeteritus
464 2239 565 2298 Cereri
581 2239 683 2298 nullus
698 2239 728 2297 in
745 2239 821 2298 orbe
834 2240 954 2299 locus„

153 2327 205 2382 555
220 2323 308 2382 Errat
322 2330 351 2382 55
363 2321 395 2382 in
411 2323 512 2394 caelo,
533 2323 704 2398 liquidique
717 2322 851 2382 inmunia
865 2324 951 2398 ponti
981 2369 982 2372 ,

262 2405 447 2479 Adloquitur
461 2406 563 2479 gelido
580 2407 823 2480 proxima‘signa
838 2409 919 2482 polo.

220 2489 433 2548 ‘Parrhasides
449 2489 591 2561 stellae,..
613 2505 746 2563 namque
761 2491 863 2555 omnia
878 2505 973 2554 nosse
992 2493 1133 2567 polestiS,

260 2576 443 2647 Aequoreas
458 2588 623 2648 numquam
645 2589 711 2633 cum
728 2573 864 2634 subeatis
881 2591 1014 2650 aquasmv
1101 2606 1105 2614 ·

218 2656 436 2730 Persephonen
452 2664 553 2716 natam
567 2656 698 2716 miserae
712 2662 879 2725 monstrate
895 2659 1038 2734 pareatil’
1075 2701 1077 2708 ,

153 2747 208 2802 580
264 2741 399 2800 Dixerat·
427 2740 505 2802 Huic
520 2741 624 2800 Helice
637 2741 710 2800 talia
725 2740 820 2802 verba
834 2743 939 2801 refert:

219 2825 364 2884 ‘Crimine
379 2832 442 2884 nox
456 2841 553 2884 vacua
569 2831 625 2884 est.
656 2823 759 2884 Solem
775 2825 814 2883 de
831 2826 947 2900 virgine
961 2833 1049 2903 rapta

260 2907 407 2981 Consule,¹
424 2909 476 2982 qui
489 2909 550 2968 late
565 2909 644 2968 facta
659 2909 769 2968 diurna
783 2910 876 2969 videt.

218 2990 273 3050 Sol
288 2991 388 3050 aditus
404 2991 512 3064 ‘Quam
528 2992 671 3066 quaeris?
691 2993 733 3052 ait
746 2997 798 3050 ‘ne
814 3009 892 3062 vana
906 2994 1038 3068 55555555,

260 3073 360 3146 Nupta
374 3073 457 3134 Iovis
473 3075 556 3134 555555
571 3075 659 3134 555555
672 3091 767 3150 regna
781 3080 891 3136 tenetz’

34 3161 57 3194 *
150 3165 202 3220 ⁵⁸⁵
217 3155 949 3316 ⁰lllllbiilllilidilgatflb{latimt

660 3261 677 3300 n
738 3260 756 3304 o
788 3261 847 3304 nrs
897 3261 963 3302 an·

217 3321 263 3382 ‘Si
279 3338 395 3384 memor
411 3340 460 3397 es,
484 3325 523 3384 de
539 3342 600 3400 quo
615 3327 687 3384 mihi
703 3327 743 3386 555
756 3324 941 3402 Proserpina
954 3333 1036 3395 nata,

257 3405 422 3474 Dimidium
437 3423 527 3468 curae
544 3408 636 3468 debet
651 3408 764 3469 habere
778 3418 859 3470 tuae·
889 3441 890 3444 ι

219 3486 298 3548 Orbe
313 3497 470 3564 pererrato
487 3493 555 3551 sola
570 3498 617 3550 est
629 3492 741 3552 iniuria
755 3495 826 3555 lacti
