2454 4004
102 237 165 304 334
482 229 737 292 FASTORUM

187 387 341 449 Servierat
357 384 497 466 quidam,
511 380 699 457 quantolibet
717 382 824 443 ordine
838 382 966 458 dignus,

123 465 174 538 olo
229 471 348 531 Tibure.
379 469 437 528 sed
452 469 545 540 longo
559 473 698 541 tempore
712 465 789 525 liber
804 472 878 527 erat.

184 557 268 618 Rure
282 553 380 628 dapes
395 559 483 627 parat
497 551 547 609 ille
562 567 636 622 suo,
652 549 833 623 turbamque
847 565 995 610 canoram

228 639 392 698 convocat.
422 636 462 694 ad
478 635 572 695 lestas
587 633 731 692 convenit
745 633 797 694 illa
812 635 921 710 dapes.

184 722 253 784 Nox
271 727 350 793 erat,
371 726 400 778 et
423 719 501 778 vinis
517 717 661 792 oculique
674 717 829 792 animique
843 716 999 792 natabant,

228 805 301 864 cim
316 801 564 878 praecomposito
579 802 701 862 nuntius
717 817 770 861 ore
786 802 876 873 venit,

120 893 173 950 675
185 894 289 962 Atque
307 889 363 959 ito,
387 886 493 960 “Quid
508 899 616 946 cessas
631 885 773 946 convivia
789 886 957 946 solveret”
974 885 1074 945 dixit:

227 973 370 1030 “Auctor
384 970 538 1030 vindictae
553 970 614 1028 iam
628 969 712 1028 venit
727 983 800 1029 ecce
814 973 922 1030 tuae.”

183 1055 246 1114 Nec
260 1070 361 1128 mora,
377 1053 526 1116 convivae
543 1053 644 1114 valido
658 1053 816 1116 titubantia
832 1051 902 1112 vino

225 1137 363 1198 Membra
377 1145 511 1198 movent.
541 1137 625 1196 dubii
641 1143 784 1212 stantque
798 1136 964 1212 labantque
980 1135 1085 1212 pedes

184 1223 225 1282 nt
239 1222 381 1281 dominus
397 1221 619 1282 “Discedam”
635 1221 685 1296 ait,
702 1221 903 1296 plaustroque
917 1227 1080 1281 morantes
1196 1244 1197 1249 ¹

90 1376 96 1385 ,
121 1316 173 1372 680
230 1305 365 1365 Sustulit.
394 1306 423 1362 in
440 1306 580 1379 plaustro
595 1305 718 1380 scirpea
732 1307 792 1364 lota
807 1305 872 1366 luit.

89 1410 93 1414 ·
183 1389 328 1450 Alliciunt
342 1403 469 1448 somnos
483 1395 621 1463 tempus,
637 1396 816 1464 motusque,
831 1403 1022 1464 merumque,

169 1477 176 1500 ’
224 1471 362 1548 Potaquc
377 1487 412 1532 se
426 1471 519 1533 Tibur
531 1471 621 1534 turba
634 1473 734 1533 redire
749 1480 844 1548 putat.

185 1557 309 1630 lamque
323 1572 379 1630 per
392 1556 547 1631 Esquilias
561 1556 730 1628 Romanam
745 1555 1045 1627 intraveraturbem,

227 1641 264 1700 Et
278 1655 367 1700 mane
382 1639 412 1698 in
427 1641 528 1700 medio
544 1641 680 1715 plaustra
696 1641 781 1700 luere
796 1643 874 1702 loro.

120 1731 171 1788 tes
186 1723 338 1797 Plautius,
358 1730 391 1784 ut
404 1730 519 1799 posset
533 1726 639 1800 specie
654 1740 843 1800 numeroque
859 1731 1000 1786 senatum

225 1805 358 1881 Fallere,
375 1809 517 1883 personis
533 1809 663 1883 imperat
678 1809 819 1884 protegi,

183 1891 403 1966 Admiscetque
418 1892 511 1966 alios,
528 1899 573 1966 et,
589 1899 622 1953 ut
635 1892 716 1953 huno
730 1892 856 1954 tibicina
870 1898 988 1960 coetum

225 1975 361 2050 Augeat,
375 1975 405 2034 in
421 1976 521 2052 longis
537 1975 675 2036 vestibus
690 1992 763 2036 esse
777 1974 876 2037 lubet:

184 2057 235 2120 Sic
249 2059 381 2120 reduces
396 2060 476 2120 bene
490 2075 586 2134 posse
600 2061 676 2136 tegi,
692 2076 731 2120 ne
745 2062 823 2121 sorte
838 2066 979 2121 notentur

120 2154 172 2214 690
229 2142 342 2204 Contra
360 2143 498 2219 collegae
512 2144 600 2204 iussa
614 2143 735 2204 redisse
752 2144 811 2204 sui.

183 2227 247 2288 Res
262 2228 386 2304 placuit.
414 2229 559 2304 cultuque
573 2244 655 2288 novo
671 2227 744 2287 libet
756 2227 862 2288 Idibus
883 2228 933 2300 uti,

224 2309 263 2370 Et
277 2327 389 2372 cancre
405 2313 445 2372 ad
461 2318 582 2372 veteres
599 2311 693 2372 verba
706 2312 815 2372 iocosa
828 2312 962 2372 modos.’
997 2337 1000 2342 ·

182 2393 267 2452 Haec
280 2394 333 2454 ubi
348 2395 524 2470 perdocuit,
541 2395 702 2472 ‘Superest
715 2395 788 2455 mihi
804 2395 937 2456 discere’
954 2393 1020 2454 dixi
1124 2465 1125 2470 ἵ

225 2475 297 2536 ‘Cur
311 2477 352 2536 sit
365 2477 570 2552 Quinquatrus
585 2479 637 2538 illo
652 2485 762 2540 vocata
777 2479 866 2538 dies!

116 2560 167 2626 695
183 2559 333 2622 ‘Martius’
349 2561 447 2636 inquit
461 2561 536 2638 ‘agit
547 2562 599 2622 tali
614 2578 683 2623 mea
696 2563 819 2624 nomine
834 2563 921 2636 festa,

223 2645 341 2720 Estque
356 2645 413 2706 sub
428 2646 560 2708 inventis
576 2647 653 2706 haec
669 2663 794 2723 quoque
808 2646 896 2706 turba
909 2645 996 2706 meis,

181 2727 281 2789 Prima
295 2729 447 2790 terebrato
461 2745 518 2806 per
531 2747 601 2790 rara
618 2731 768 2796 foramina
781 2719 875 2804 buxo,

223 2814 264 2874 Ut
278 2813 380 2888 daret,
395 2815 499 2889 effeci,
515 2815 589 2876 tibia
603 2817 696 2898 longa
710 2829 817 2876 sonos.

177 2899 253 2962 ,Vox
268 2899 391 2972 placuit.
421 2899 530 2960 faciem
544 2899 670 2974 liquidis
684 2899 886 2959 referentibus
902 2896 993 2960 undis

117 2994 169 3050 τοο
224 2981 298 3042 Vidi
313 2983 465 3058 virgineas
481 2983 661 3045 intumuisse
676 2999 782 3060 genos.
822 3021 824 3026 ,

183 3066 269 3124 “Ars
285 3065 358 3125 mihi
374 3082 435 3127 non
449 3067 523 3128 tanti
541 3074 598 3130 est.
628 3068 750 3142 valeas,
765 3081 833 3126 mea
847 3065 961 3125 tibiat”
978 3064 1056 3126 dixi.
1123 3099 1136 3128 3.

224 3149 346 3224 Excipit
361 3150 511 3212 abiectam
526 3151 663 3228 caespite
676 3150 745 3226 ripa
763 3165 832 3212 suo.

182 3233 340 3293 Inventam
355 3233 485 3312 Satyrus
501 3237 632 3311 primum
647 3236 785 3309 miratur,
801 3239 831 3294 et
844 3249 935 3294 usum

25 3381 26 3396 ξ
224 3317 343 3392 Nescit,
358 3323 389 3378 et
399 3317 538 3380 inflatam
553 3320 651 3381 sensit
663 3318 779 3380 habere
795 3333 919 3378 sonum=

26 3475 27 3478 Ἴ
118 3407 169 3463 705
183 3399 220 3460 Et
234 3399 327 3461 modo
342 3401 463 3462 dimittit
478 3401 590 3477 digitis,
604 3403 697 3464 modo
714 3401 848 3477 concipit
862 3415 969 3462 aurosa

26 3487 27 3496 ’
224 3482 351 3557 lamque
366 3485 443 3546 inter
457 3486 612 3563 nymphas
628 3495 693 3548 arte
711 3485 865 3562 superbus
880 3492 955 3546 erat.
