2524 4004
177 213 242 278 252
554 211 813 274 'PASTORUM

263 364 376 426 Delluit
390 365 504 446 incerto
522 364 683 439 lapidosus
698 379 850 424 murmure
865 364 963 424 rivust

305 447 423 523 Saepe,
445 448 501 506 sed
516 448 635 528 exiguis
649 446 809 506 haustibus
824 447 896 505 inde
911 445 983 506 bibi.

193 537 246 594 075
259 530 370 604 Egeria
384 537 455 604 est,
464 546 542 606 quae
557 530 684 604 praebet
700 545 807 603 aquas,
824 529 883 588 dea
897 537 984 608 grata
999 529 1156 604 Camenis.

303 613 357 672 Illa
371 613 487 674 Numae
503 614 638 674 coniunx
652 613 877 686 consiliumque
892 612 956 672 luit.

261 695 414 770 Principio
429 697 553 755 nimium
569 702 729 771 promptos
744 697 784 756 ad
797 696 879 754 bella
894 695 1018 768 Quiritis

288 821 290 828 -
303 779 412 840 Molliri
429 777 543 853 placuit
558 781 623 838 iure
638 778 790 852 deumque
804 787 895 838 metu.

261 862 336 934 Inde
356 863 447 922 datae
466 863 565 935 leges,
589 878 629 920 ne
643 862 759 920 firmior
773 862 875 927 omnia
889 869 1013 936 posset:

191 949 244 1005 teo
299 945 476 1019 Coeptuque
491 952 563 1004 sunt
576 960 653 1019 pure
667 943 777 1004 tradita
792 959 881 1004 sacra
896 945 965 1002 ooli.
1016 1001 1018 1007 .

260 1027 388 1088 Exuitur
402 1028 515 1100 lentas,
536 1027 692 1100 armisque
704 1027 859 1100 potentius
874 1043 1008 1100 aequum
1022 1035 1079 1100 est,

300 1109 422 1170 Etcum
437 1111 505 1169 cive
518 1111 614 1184 pudet
628 1109 825 1170 conseruisse
840 1126 969 1170 manus·
1054 1115 1058 1124 '

260 1193 362 1266 Atque
377 1195 496 1266 aliquis,
518 1194 610 1252 modo
626 1201 705 1264 uun,
727 1194 794 1252 visa
808 1193 868 1252 iarn
883 1192 1007 1252 vertitur
1021 1210 1084 1266 ara,

299 1277 440 1350 Vinaque
456 1277 509 1336 dat
524 1277 636 1351 tepidis
652 1278 797 1350 salsaque
811 1277 892 1335 larra
906 1277 994 1336 locis,

195 1363 245 1418 085
260 1359 341 1420 Ecce
356 1360 447 1420 dourn
461 1359 579 1433 genitor
594 1359 700 1420 rutilas
716 1373 771 1434 per
785 1358 888 1418 nubila
902 1359 1041 1420 llammas

303 1441 433 1516 spargit,
448 1449 479 1502 et
493 1442 600 1502 effusis
617 1444 740 1502 aethera
755 1443 851 1502 siccat
866 1444 964 1517 aquis.

260 1523 331 1584 Non·
343 1525 418 1584 alias
433 1525 519 1586 missi
534 1525 674 1584 cecidere
688 1526 877 1600 frequentius
893 1527 988 1599 ignes.

301 1607 369 1666 Rex
384 1615 483 1682 pavet,
505 1617 537 1670 et
550 1610 632 1683 volgi
648 1617 774 1683 pectora
786 1616 886 1669 terror
899 1607 1000 1668 habet.

261 1690 314 1749 Cui
330 1691 389 1750 dea
404 1690 460 1749 ‘Ne
474 1691 597 1752 nimium
613 1700 741 1752 terrere!
765 1692 879 1766 piabile
893 1693 1006 1752 tulmen

191 1777 243 1831 290
299 1771 366 1831 Est’
381 1773 422 1832 ait
435 1778 479 1834 ‘et
494 1776 579 1834 saevi
594 1774 725 1835 flectitur
741 1776 786 1834 ira
800 1777 893 1834 iovis.

261 1854 321 1914 Sed
338 1862 479 1929 poterunt
492 1859 580 1918 ritum
594 1858 683 1918 Picus
696 1859 880 1933 Faunusque
896 1858 1000 1932 piandi

299 1938 446 2012 Tradere,
468 1941 604 2002 Romani
612 1957 723 2002 numen
738 1947 900 2016 utrumque
915 1942 983 2000 soli.

258 2021 320 2080 Neo
335 2022 402 2081 sine
416 2023 447 2082 vi
461 2023 589 2083 tradent.
619 2024 762 2084 adhibeto
778 2025 900 2083 vincula
915 2023 1037 2098 captis?

298 2106 464 2179 Atqueita,
482 2123 544 2182 qua
559 2109 687 2182 possint,
703 2108 809 2176 erudit,
827 2114 890 2166 arte
906 2108 984 2181 capi.

191 2195 242 2249 295
257 2186 360 2248 Lucus
371 2189 524 2250 Aventino
540 2192 664 2251 suberat
678 2191 763 2264 niger
777 2191 855 2250 ilicis
870 2191 985 2262 umbra,

299 2271 364 2342 Quo
380 2287 492 2345 posses
506 2274 577 2333 viso
592 2275 695 2332 dicere
711 2279 835 2334 ‘numen
851 2275 964 2332 inestt’
1233 2325 1234 2348 ,

236 2387 239 2394 =
258 2352 291 2410 In
307 2355 408 2424 medip
423 2371 556 2429 gramen,
580 2372 750 2433 muscoque
764 2358 914 2433 adoperta
927 2354 1050 2416 virenti'
1233 2353 1234 2447 l

300 2435 444 2502 Manabat
458 2453 535 2498 saxo
552 2447 631 2499 vena
645 2442 789 2513 perennis
804 2455 915 2514 aquae.
1007 2450 1011 2456 ·
1052 2449 1055 2454 '

160 2583 163 2590 ,
258 2518 333 2577 Inde
348 2519 411 2578 lere
426 2520 484 2578 soli
497 2519 620 2581 Faunus
635 2521 787 2598 Picusque
801 2522 953 2582 bibebant.

188 2608 241 2662 30⁰
295 2601 362 2660 Huc
376 2603 467 2676 venit,
489 2611 519 2662 et
534 2605 607 2664 sonti
620 2621 676 2664 rex
689 2607 786 2666 Numa
800 2613 912 2668 mactat
931 2620 1035 2666 averna

228 2729 238 2754 ,
256 2683 410 2759 Plenaque
426 2688 545 2746 odorati
561 2689 697 2764 disponit
710 2689 821 2763 pocula
835 2689 953 2761 bacchi,

298 2767 433 2842 Cumque
448 2771 515 2832 suis
530 2777 616 2830 antro
632 2773 774 2834 conditus
789 2773 857 2848 ipse
870 2775 951 2832 latet.

255 2851 305 2910 nd
323 2853 431 2912 solitos
449 2853 572 2914 veniunt
586 2856 739 2915 silvestria
753 2857 876 2932 numina
891 2857 1000 2928 sontes,

292 2933 330 2992 Et
343 2936 481 2996 relevant
496 2939 588 2996 multo
604 2943 730 3012 pectora
747 2939 829 2998 sicea
844 2951 939 2998 mero.

188 3019 240 3078 ³05
257 3011 334 3073 Vina
349 3017 436 3090 quies
452 3021 598 3103 sequitur.
627 3022 729 3095 gelido
744 3022 841 3081 Numa
856 3022 958 3096 prodit
972 3021 1010 3081 ab
1025 3029 1121 3098 antro,

254 3132 256 3136 -
275 3157 279 3169 ,
296 3097 470 3176 Vinclaque
487 3104 607 3177 sopitas
622 3105 708 3164 addit
722 3106 752 3164 iu
767 3113 832 3164 arta
847 3119 965 3165 manus.

223 3240 226 3246 .
256 3178 387 3240 Somnus
402 3190 435 3242 ut
449 3184 610 3260 abscessit,
632 3189 798 3262 pugnando
816 3188 938 3247 vincula
951 3195 1100 3263 temptant

295 3263 457 3338 Rumpere.
486 3277 658 3342 pugnantes
673 3271 780 3331 lortius
794 3271 847 3332 illa
861 3278 996 3346 tenent,
1054 3308 1057 3322 ·
1187 3313 1190 3318 ,
1231 3341 1232 3348 ἵ

253 3345 337 3405 'l'unc
351 3347 462 3424 Numa=
484 3351 535 3410 ‘Di
549 3367 716 3427 nemorum,
731 3355 818 3413 lactis
834 3351 985 3427 ignoscite
999 3353 1124 3424 nostris,
1231 3355 1232 3400 ἐ

185 3430 237 3486 310
294 3425 327 3486 Si
342 3428 444 3488 scelus
460 3429 582 3504 ingenio
600 3434 685 3494 scitis
701 3437 813 3496 abesse
827 3451 906 3509 tneo,
1077 3455 1080 3459 ·
