2520 4012
25 140 27 144 Ι
128 199 202 264 14²
272 163 275 166 ⁵
546 183 803 258 uersurum

188 350 426 424 Assimilemque
439 347 488 410 sui
507 349 600 423 longa
615 347 813 410 assuetudine
828 346 841 406 l
876 347 908 423 lt,

228 434 361 495 Grandia
375 434 402 494 si
419 433 525 510 parvis
540 433 712 492 assimilare
726 431 806 492 licet
852 467 854 474 ·

189 518 225 578 Ei
239 518 326 593 mihi,
341 533 404 577 non
418 531 545 594 magnas
562 515 645 591 quod
659 509 773 575 habent
791 531 860 576 mea
875 513 1016 574 carmina
1025 515 1116 590 uires,

141 609 175 666 30
228 601 401 675 Nostraque
421 607 492 660 sunt
506 599 621 660 meritis
637 614 691 658 ora
705 599 822 658 minora
839 598 909 673 tuis,
964 606 965 610 ’

191 685 303 761 Siquid¹
315 691 344 744 et
358 685 389 744 in
403 683 493 744 nobis
508 682 570 742 vivi
584 681 640 742 tuit
653 687 724 741 anie
739 681 863 756 vigoris

229 769 402 830 Extinctum
415 767 515 840 longis
531 764 642 824 oceidit
656 781 747 824 omne
762 766 860 848 malis.
1011 815 1013 819 .

138 884 139 890 κ
187 852 287 912 Prima
301 852 402 911 locum
421 851 544 908 sanctas
559 847 704 909 heroidas
718 848 796 908 inter
814 849 954 926 haberes,

228 935 329 994 Prima
338 932 430 1010 bonis
446 933 537 993 animi
557 933 773 1008 conspicerere
788 932 842 996 tui.

139 1027 174 1082 35
189 1019 472 1094 Quantumcumque
484 1024 584 1076 tamen
601 1017 767 1092 praeconia
781 1023 886 1076 nostra
899 1013 1052 1092 valebunt,

231 1100 420 1164 Carminibus
434 1099 522 1158 vives
536 1105 657 1174 tempus
673 1099 703 1158 in
721 1115 811 1160 omne
825 1098 919 1162 meis

81 1301 83 1304 -
129 1233 169 1327 7ο
192 1234 301 1343 Siquis
315 1269 412 1330 habes
432 1268 547 1329 nostris
565 1266 679 1326 similes
694 1266 725 1327 in
740 1267 873 1344 imagine
888 1271 998 1343 vultus,
1041 1295 1042 1298 ¹
1115 1273 1120 1316 ἰ

179 1376 181 1380 ’
229 1353 415 1413 Dememels
432 1353 579 1424 hederas,
593 1346 747 1411 Bacchica
761 1358 859 1428 serta,
876 1353 982 1415 comis.

190 1435 253 1498 Isia
272 1437 382 1496 decent
398 1437 495 1498 laetos
513 1435 613 1494 felicia
633 1436 721 1510 signa
735 1442 856 1511 poetas.
940 1459 944 1464 ’

229 1520 430 1595 Temporibus
445 1536 507 1581 non
523 1525 570 1580 est
584 1525 657 1592 apta
672 1533 788 1579 corona
801 1519 889 1580 meis,

159 1599 273 1662 allaec
288 1603 341 1664 tibi
354 1604 535 1682 dissimula,
546 1601 628 1662 senti·
639 1608 754 1681 amen,
772 1602 899 1679 optime,
919 1603 1003 1680 dici,
1101 1677 1103 1684 Α

229 1685 264 1744 ln
279 1685 372 1766 digito
390 1687 441 1763 qui
456 1701 504 1748 me
519 1686 645 1760 fersque
659 1687 820 1763 refersque
834 1693 896 1761 tuo,

188 1767 390 1845 Effigiemque
404 1785 503 1830 meam
518 1769 602 1829 fulvo
619 1770 799 1844 complexus
814 1772 845 1830 in
860 1787 935 1832 auro
1057 1839 1058 1842 Ἴ

231 1851 308 1914 cara
321 1853 462 1928 relegati,
478 1868 557 1928 quae
570 1859 676 1929 potae,
695 1869 750 1913 ora
767 1853 866 1914 vides.
945 1884 955 1890 -·

190 1935 274 2010 Quae
289 1934 430 2011 quotieas
444 1943 583 2012 spectas,
602 1937 710 1998 subeat
722 1937 775 1997 tibi
790 1937 893 1998 dicere
912 1936 1015 2009 forsan
1069 1966 1089 1990 .-

142 2027 177 2080 10
233 2020 341 2093 ‘Quam
356 2021 464 2096 procul
479 2019 601 2081 anobis
616 2019 698 2081 Naso
714 2021 831 2082 sodalis
846 2021 934 2080 abest
942 2025 961 2078 t’

129 2180 132 2186 y
189 2101 281 2162 Grata
296 2110 348 2164 tua
363 2111 410 2164 est
425 2105 533 2182 pictas.
575 2103 633 2164 sed
647 2105 781 2164 carmina
797 2104 895 2166 maior
909 2103 1008 2179 imago

233 2185 310 2248 Sunt
326 2202 409 2260 mea,
425 2203 505 2262 quae
522 2186 635 2247 mando
654 2189 889 2263 qualiacumque
907 2189 1002 2263 legas,
1065 2229 1069 2234 -

192 2268 330 2329 Carmina
346 2279 475 2331 mutatas
490 2269 648 2332 hominum
664 2270 796 2332 dicentia
810 2273 934 2346 formas,
967 2323 968 2328 ,

230 2352 340 2436 Inlelix
354 2354 468 2414 domini
488 2355 571 2429 quod
585 2355 657 2428 luga
671 2355 752 2430 rupit
771 2371 861 2431 opus.
907 2423 908 2428 γ
1128 2423 1136 2436 χ

143 2445 175 2498 15
191 2435 274 2496 llaec
294 2451 352 2512 ego
369 2437 548 2514 discedens,
564 2436 645 2497 sicut
658 2438 737 2498 bene
753 2439 848 2499 multa
861 2452 1007 2512 mearum,
1076 2482 1079 2487 .

229 2519 304 2594 lpse
317 2535 387 2580 mea
400 2521 491 2596 posui
506 2527 642 2582 maestus
662 2522 698 2600 in·
712 2523 783 2596 igne
799 2537 900 2584 manu.

190 2601 290 2677 thue
310 2619 470 2666 cremasse.
480 2605 570 2666 suum
586 2605 681 2664 lentur
697 2605 755 2666 sub
770 2607 871 2681 stipite
886 2613 987 2666 natum
1037 2675 1038 2678 Ἴ

226 2684 366 2748 Thestias
382 2695 412 2747 et
430 2689 537 2748 melior
551 2694 647 2748 matre
662 2689 758 2750 luisse
770 2705 869 2772 soror,
944 2746 946 2751 .

187 2769 238 2830 Sic
253 2787 311 2846 ego
331 2785 393 2834 non
407 2773 532 2832 meritos
549 2787 668 2834 mecum
684 2773 818 2848 peritura
832 2773 952 2833 libellos

140 2863 175 2916 eo
229 2853 365 2929 imposui
379 2855 498 2931 rapidis
512 2854 636 2916 viscera
650 2863 757 2918 nostra
773 2857 873 2932 rogist

188 2937 246 2996 Vel
262 2937 345 3011 quod
360 2952 443 2998 eram
457 2937 579 3012 Musas,
598 2946 632 2999 ut
651 2940 777 3001 erimina
796 2945 918 3016 nostra,
934 2955 1076 3016 perosus,

208 3021 282 3080 .Vel
298 3021 382 3095 quod
401 3021 502 3082 adhue
520 3027 664 3082 crescens
680 3031 710 3084 et
727 3025 804 3085 rude
824 3039 947 3085 carmen
967 3029 1040 3084 erat.

191 3103 275 3178 Quae
291 3104 436 3178 quoniam
450 3119 512 3166 non
528 3113 599 3166 sunt
614 3107 735 3182 penitus
750 3107 883 3183 sublata,
903 3107 960 3168 sed
974 3109 1087 3182 extant,

225 3186 366 3248 Pluribus
382 3189 531 3263 exemplis
548 3189 662 3265 scripta
681 3191 780 3253 luisse
793 3199 872 3252 reor.

137 3278 171 3332 aa
185 3269 271 3332 Nune
286 3287 409 3347 precor,
425 3279 459 3333 ut
472 3271 577 3332 vivant
595 3280 625 3332 et
639 3288 701 3334 non
715 3275 829 3349 ignava
848 3275 999 3349 legentem

229 3353 296 3417 Otia·
308 3355 460 3417 delectent
480 3355 726 3431 admoneantque
745 3359 815 3418 mei.

184 3435 247 3499 Nec
262 3444 362 3499 tamen
379 3439 429 3508 illa
443 3439 505 3514 legi
519 3446 663 3516 poterunt
676 3441 827 3515 patienter
840 3441 878 3502 ab
898 3441 971 3516 ullo,
