2454 4004
140 223 204 288 eso
521 217 779 284 rhenonum

222 375 323 436 Prima
337 373 429 434 Ceres
443 370 569 430 homine
583 371 622 432 ad
640 369 767 431 meliora
780 371 924 432 alimenta
943 381 1058 436 vocato

264 457 393 517 Mutavit
406 454 536 530 glandes
550 456 671 514 utiliore
684 453 767 513 cibo.

109 537 111 546 ’
222 543 277 600 lile
291 541 363 615 iugo
377 547 483 600 tauros
498 539 610 598 collum
625 537 774 612 praebere
789 539 905 614 coegit:

124 619 128 640 ‘
195 656 198 659 ·
249 624 346 684 lunc
362 625 492 701 primum
508 623 592 684 soles
608 629 693 680 erute
709 622 784 680 vidit
796 621 918 682 humus.
942 687 944 690 ,

156 715 208 774 toa
222 713 286 768 Aes
303 709 411 768 eratin
426 707 535 782 pretio.
565 705 729 782 chalybeia
744 721 850 764 massa
862 707 986 772 latebat.
1102 734 1104 736 ·

80 827 84 834 x
151 816 181 864 ,g
265 791 367 852 Eheu!
387 789 546 865 'perpetuo
562 787 666 848 debuit
680 789 732 847 illa
748 789 819 862 tegi.
919 848 922 849 γ

221 875 302 934 Pace
315 875 408 934 Ceres
422 875 499 932 laete
517 879 575 932 est.
603 879 633 931 et
646 879 820 952 rosontio,
842 873 953 948 coloni,

193 1035 195 1038 Ι
263 959 448 1033 Perpetuam
465 972 573 1031 pacem
588 955 813 1030 pacificumque
828 957 948 1016 ducem.

222 1043 316 1102 Farra
332 1043 410 1102 deae
424 1041 583 1114 micaeque
599 1040 670 1098 licet
683 1039 821 1100 salientis
835 1040 985 1100 honorem

74 1141 76 1144 ·
158 1135 214 1188 410
266 1127 368 1199 netis,
384 1125 457 1184 etin
475 1132 594 1185 veteres
609 1123 695 1184 turea
710 1139 806 1198 grana
820 1125 955 1184 ΐοοοε.ι
1067 1163 1069 1166 -

220 1209 271 1284 Et,
293 1211 320 1270 si
334 1217 400 1268 tara
420 1208 561 1280 aberunt,
581 1215 690 1266 unctes
705 1201 864 1268 accendite
878 1206 995 1268 taedas.
1158 1210 1161 1217 '

262 1294 360 1352 Parva
375 1292 474 1352 bonae
490 1291 604 1364 Cereri,
620 1291 681 1350 sint
694 1284 904 1366 modo'casta,
919 1291 1050 1365 placent.

221 1379 250 1434 A
263 1377 345 1436 bove
359 1376 506 1435 succincti
522 1375 637 1434 cultros
652 1380 808 1442 removete
823 1375 960 1450 ministri.

264 1461 328 1520 Bos
347 1465 421 1518 met.
452 1459 595 1532 ignavam
611 1459 783 1538 sacrificate
798 1475 895 1518 suem.

157 1547 209 1604 llo
224 1545 307 1619 Apta
321 1543 393 1616 iugo
411 1543 593 1601 cervix-non
608 1549 656 1600 est
670 1543 808 1602 ferienda
820 1544 939 1602 securi:

263 1627 371 1700 Vivat,
388 1632 418 1684 et
431 1625 462 1684 in
477 1627 554 1686 dura
567 1641 663 1700 saepe
676 1627 795 1685 laboret
809 1626 911 1702 humo<
1007 1657 1018 1680 ·.
1039 1645 1043 1652 ·

221 1709 323 1784 Exigit
337 1711 406 1784 ipse
420 1711 522 1783 locus,
537 1716 643 1784 ruptus
657 1716 691 1768 ut
704 1710 831 1784 virginis
850 1711 949 1770 edam.
967 1741 973 1748 ·

133 1808 135 1811 ’
236 1838 238 1844 .
263 1793 352 1852 Plura
366 1809 584 1867 recognosces.
612 1809 713 1868 pauca
727 1793 888 1852 docendus
904 1793 974 1854 eris.

222 1877 316 1936 Terra
330 1877 426 1937 tribus
442 1878 579 1952 scopulis
598 1885 720 1937 nestum
734 1878 886 1952 procurrit
902 1878 934 1936 in
948 1889 1067 1952 aequor

157 1973 217 2026 420
264 1961 431 2033 Trinacris,
450 1977 468 2018 a
485 1961 587 2035 positu
602 1977 712 2043 nomen
728 1961 842 2036 adepta
855 1962 929 2022 loci:
967 1961 971 2019 ζ
1041 2031 1043 2034 ,

224 2045 315 2104 Grata
330 2044 567 2124 domus·Cereri.
593 2047 703 2104 multas
719 2061 756 2104 ea
771 2043 913 2120 possidet
926 2043 1027 2118 urbes
1095 2087 1098 2092 -

254 2129 297 2186 in
316 2127 427 2206 quibus
444 2136 493 2212 est
513 2130 594 2188 culto
610 2129 717 2188 fertilis
732 2129 841 2188 Henna
855 2131 934 2194 solo.

221 2211 344 2285 Frigida
360 2213 526 2272 caelestum
540 2219 653 2272 matres
667 2213 822 2278 Arethusa
832 2219 975 2272 vocarat:

265 2295 401 2357 Venerat
416 2297 454 2376 ad
472 2303 623 2356 seoraset
637 2295 798 2363 dea'ilava
813 2296 920 2375 dapes.

157 2385 209 2438 425
222 2379 314 2449 Filia,
331 2380 487 2462 consuetis
502 2388 535 2439 ul
549 2349 613 2440 orbi
628 2380 770 2440 comitata
784 2381 906 2455 puellis,

186 2537 188 2542 .
263 2461 392 2521 Errabat
406 2459 488 2522 nudo
504 2479 631 2538 persua
645 2465 838 2540 pratapede.
877 2463 878 2466 ’

181 2623 184 2626 .
221 2547 384 2605 Vallesub
401 2546 547 2606 umbrosa
562 2548 650 2614 locus
666 2555 714 2608 est
732 2547 899 2623 aspergine
911 2548 1004 2609 mulla
1068 2565 1072 2575 ⁸

264 2629 383 2689 Uvidus
399 2645 438 2688 ex
453 2631 513 2690 allo
530 2631 699 2692 desilientis
715 2647 824 2706 aquae.
906 2634 908 2640 ‘

153 2741 156 2755 ι
220 2714 277 2773 Tol
291 2714 410 2784 luerent
424 2713 500 2788 illie,
518 2723 592 2788 quot
607 2714 699 2775 habet
713 2722 834 2796 natura,
853 2716 983 2789 colores,

157 2809 210 2863 430
266 2795 412 2872 Pictaque
431 2795 663 2858 dissimilillore
677 2797 792 2858 nitebat
806 2799 925 2858 humus.
1000 2827 1002 2832 ·

156 2956 159 2961 f
221 2882 320 2958 ¹Quam
336 2882 426 2940 slmul
440 2880 575 2957 aspexit,
596 2883 757 2956 ‘Comites
774 2881 940 2942 acceditet’
954 2878 1038 2940 dixit
1128 2951 1130 2956 ¹

266 2965 316 3024 ‘Et
329 2981 450 3024 mecum
465 2966 575 3040 plenos
590 2966 668 3030 flore
684 2966 931 3044 rel'ertcsinust'
957 3022 966 3033 ,

199 3047 200 3050 ’
221 3047 339 3106 Praeda
354 3048 507 3122 puellares
523 3051 641 3109 animos
657 3051 806 3130 prolectat
820 3049 932 3124 inaniS,⁴

238 3141 240 3145 ’
263 3131 301 3188 Et
315 3147 376 3190 non
395 3133 521 3193 sentitur
535 3135 696 3196 sedulitate
711 3133 807 3192 labor.

157 3221 209 3274 435
223 3216 307 3280 Haec
322 3216 427 3289 implet
440 3217 521 3276 lento
537 3217 673 3278 calathos
694 3233 711 3275 e
728 3217 840 3276 vimine
854 3231 963 3287 nexos
1072 3217 1085 3226 “

264 3297 347 3356 Haec
362 3299 523 3374 gremium,
542 3301 631 3360 laxos
648 3302 795 3374 degravat
809 3301 861 3360 ille
875 3299 973 3359 sinus.
1066 3361 1069 3368 Δ

221 3382 277 3440 llla
290 3381 363 3454 legit
378 3381 504 3440 calthas
518 3377 519 3380 ’
533 3382 603 3444 huic
614 3383 690 3444 'sunt
704 3383 831 3443 violaria
846 3397 953 3442 curae:
978 3435 981 3446 r

264 3462 320 3522 illa
334 3479 526 3539 papavereas
542 3463 689 3526 subsecat
702 3483 804 3541 ungue
819 3463 941 3551 corias:
972 3512 975 3518 .
