2524 4004
162 193 224 259 teo
556 189 804 294 canonio
865 139 927 219 ’-
1114 145 1115 148 ¹

149 337 151 344 ’
179 389 181 392 -
246 347 310 410 Sed
323 345 392 422 qui,
409 359 500 421 quam
515 343 622 420 potuit,
639 345 691 406 dat
705 345 846 404 maxima
863 351 968 420 gratus
984 346 1122 456 abunde
1118 358 1179 425 est
1255 349 1256 428 l

286 431 325 492 Et
337 430 430 491 tinem
444 429 543 506 pietas
558 427 684 504 contigit
697 426 749 487 illa
764 444 863 489 suurn
977 446 981 452 ·

245 515 309 576 Nec
315 527 420 610 ,quac
433 513 474 574 dc
487 519 587 590 paria
605 525 734 589 pauper
739 511 786 572 dis
796 511 876 572 libat
889 527 1004 588 acerra

195 599 365 664 loTura
378 597 493 672 minus,
509 595 618 673 grandi
633 611 725 672 quarn
740 595 930 670 catalasca,
946 599 1058 660 valent

195 609 395 759 &agnaque
413 688 475 743 tam
489 681 622 754 lactens,
639 693 731 754 quam
744 677 882 754 manino
895 687 989 766 pasta
999 681 1120 746 Falisco
1255 733 1256 760 2

134 765 138 773 “
268 766 416 834 Victima
429 763 578 840 Tarpeios
591 762 687 824 inlicit
702 762 762 824 icta
776 763 884 829 iocos.
962 813 966 818 ,
1247 803 1256 866 4

156 885 162 898 s
243 850 306 912 Nee
325 855 426 909 tamen
441 847 545 910 officio
564 843 667 908 vatum
680 861 737 922 per
752 845 888 908 carmina
901 847 982 909 iacto
1099 897 1102 902 .
1255 877 1256 938 q

282 931 473 1008 Principibus
488 945 538 991 res
552 937 601 992 est
617 931 731 1006 gratior
742 931 806 991 ulla
821 931 934 992 viria·
1255 947 1256 990 f

196 1021 231 1078 le
246 1015 385 1078 carolina
399 1021 572 1077 vestrarum
587 1021 736 1090 peragunt
748 1015 918 1091 praecunia
930 1005 1080 1093 laudum,

250 1100 367 1163 Neve
382 1099 422 1161 sit
439 1105 577 1162 actorum
591 1099 673 1158 lama
687 1097 820 1174 caduca,
836 1107 975 1162 cavent

245 1184 383 1247 Carmine
398 1183 432 1245 iit
445 1182 540 1245 vivax
553 1183 666 1256 udus,
682 1181 859 1260 expersque
871 1147 1029 1260 sepulchri

284 1267 427 1331 Notitiam
442 1278 531 1332 serae
545 1263 733 1343 posteritatis
747 1265 849 1328 habet

243 1351 358 1418 Tabida
373 1348 524 1414 consumit
538 1352 650 1419 ferrum
664 1349 860 1428 lapidemque
872 1357 1022 1424 vetustas,

194 1437 229 1491 5⁰
282 1436 432 1514 Nullaque
446 1449 496 1496 ras
512 1435 611 1498 malus
625 1441 764 1511 tempore
777 1433 873 1498 robur
886 1434 988 1508 habet.

245 1517 365 1596 Scripta
378 1521 600 1582 leruntannos.
628 1519 753 1595 scriptis
768 1519 1001 1595 agamemnona
1014 1519 1106 1594 noeti,

282 1603 320 1664 m
335 1602 475 1680 quisquis
491 1609 598 1664 contra
607 1603 661 1664 vel
675 1601 765 1665 simtd
780 1619 865 1665 mma
878 1603 954 1665 tulit.
973 1601 975 1608 ’

244 1685 318 1762 Quis
332 1686 453 1770 Thebas
468 1693 649 1764 septemque
663 1687 760 1748 duces
773 1687 844 1748 sinc
858 1686 994 1748 carmine
1007 1689 1125 1760 nosset,

283 1771 321 1832 Et
336 1771 482 1849 quiequid
497 1769 673 1848 posthaec,
690 1771 836 1854 quiequid
853 1777 884 1832 et
901 1776 971 1855 ante
987 1771 1062 1832 luite

192 1862 227 1917 ee
240 1854 277 1918 Di
293 1869 417 1932 quoque
431 1854 631 1930 carnuntum,
643 1854 674 1941 si
689 1855 735 1916 ias
756 1861 804 1916 est
819 1855 938 1928 dicere,
954 1855 1039 1930 dunt,
1107 1931 1109 1934 Α

282 1937 439 2016 Tantaque
451 1941 597 2002 maiestas
613 1951 667 2000 ore
678 1940 819 2000 canentis
834 1945 913 2015 eget.
1012 1965 1015 1970 r

243 2021 294 2084 Sic
309 2021 410 2085 chaos
425 2037 465 2085 ex
479 2023 532 2085 illa
546 2020 672 2086 naturae
685 2025 766 2085 mole
780 2022 892 2099 prioris

279 2105 438 2183 Digestum
451 2115 555 2185 partes
576 2107 690 2170 scimus
705 2105 820 2168 habere
835 2118 923 2167 suas:
1015 2150 1018 2156 ,

243 2189 295 2252 Sic
308 2191 499 2254 adfectantes
509 2191 661 2253 caelestia
674 2203 771 2267 regna
785 2190 931 2267 Gigantas

191 2275 226 2333 60
278 2273 330 2336 Ad
344 2274 440 2354 Styga
454 2275 614 2338 nimbifero
628 2274 845 2350 vindicis-igne
859 2275 964 2336 datust

242 2355 293 2420 Sic
307 2357 404 2422 victor
423 2359 545 2423 laudem
560 2359 715 2437 superatis
730 2359 821 2419 Liber
834 2357 873 2418 ab
888 2357 981 2430 Indis,

280 2442 408 2504 Alcides
423 2449 513 2520 capta
526 2445 618 2505 traxit
631 2441 670 2502 ab
687 2441 839 2504 Oechalia.
1255 2475 1256 2528 q

239 2523 278 2585 El
292 2526 400 2598 modo,
417 2526 547 2601 caan,
564 2542 669 2600 avum,
686 2539 777 2604 quern
791 2525 887 2586 virtus
901 2521 1021 2584 addidit
1034 2521 1142 2598 astris,

282 2607 922 2690 saermuntallquacanminapuatuum
1255 2613 1256 2634 ³

191 2689 226 2746 65
242 2692 351 2770 Siquid
365 2693 465 2755 adhuc
479 2695 570 2770 igitur
583 2695 660 2771 viui,
677 2692 873 2767 Germanice,
888 2697 993 2753 nostro
1068 2749 1073 2756 .

281 2777 387 2840 Restat
401 2779 432 2843 in
445 2778 583 2855 ingenio,
599 2778 714 2840 servia
727 2791 818 2840 omne
832 2774 896 2838 tibi

239 2861 306 2923 Non
320 2868 411 2939 potes
427 2861 566 2926 alliciam
579 2863 660 2924 vatis
676 2868 875 2924 contemnere
884 2865 988 2920 vates·

281 2944 398 3006 Iudicio
413 2943 789 3022 preumnreshabetlsu
799 2951 866 3009 tuo
1020 2985 1023 2990 -

240 3025 328 3100 Quod
342 3029 402 3090 nisi
415 3035 446 3090 te
459 3041 572 3090 nomen
584 3037 702 3092 tantum
716 3029 757 3090 ad
771 3030 889 3090 maiora
902 3031 1057 3100 uocasset,

188 3114 223 3173 io
279 3109 381 3173 Gloria
398 3111 551 3176 Pieridum
566 3129 684 3176 summa
697 3113 817 3177 iuturus
837 3121 917 3174 cras
984 3141 1010 3159 «
1078 3155 1081 3158 -

239 3191 303 3254 Sed
317 3195 391 3256 dare
406 3197 562 3260 materiam
577 3197 682 3272 nobis,
701 3211 794 3274 quam
809 3195 961 3270 earmina,
976 3193 1093 3255 umus.

279 3277 342 3338 Nee
356 3286 456 3342 tamen
469 3297 511 3344 ex
523 3287 588 3344 toto
604 3282 749 3344 deserere
761 3281 815 3344 illa
833 3285 934 3359 polee.

237 3359 313 3420 Num
326 3363 419 3425 medo
434 3363 515 3428 bella
529 3365 626 3443 peris,
642 3365 778 3430 numeris
790 3366 885 3428 modo
900 3363 997 3426 verba
1011 3363 1163 3436 coerces,

280 3444 430 3524 Quodque
443 3447 511 3509 aliis
525 3463 606 3526 opus
620 3457 684 3526 est,
700 3450 761 3513 lroc
773 3449 829 3512 tibi
845 3451 933 3512 lusus
950 3444 1017 3508 erit.
