2520 4012
191 205 230 272 18
361 272 365 276 ,
589 203 812 266 TRISTIUM

229 367 264 422 50
319 357 476 432 Linguave
491 362 630 418 servatae
644 371 786 430 pennave
801 355 877 416 dixit
890 356 973 417 avisz

278 441 447 516 Augurium
461 441 537 502 ratio
553 447 645 501 estet
660 440 836 501 coniectura
850 440 956 500 luturi=
1048 466 1052 474 ,

318 525 384 586 Hac
401 525 534 586 divinavi
548 524 746 598 notitiamque
760 523 823 584 tuli.

279 609 362 682 Quae
378 610 521 684 quoniam
534 624 609 668 vera
620 614 675 679 est,
691 613 754 666 tote
768 607 821 666 tibi
836 614 936 666 niente
947 604 1082 684 mihique

242 728 244 732 ι
322 693 470 766 Gratulor,
485 692 640 767 ingenium
657 706 718 750 non
733 690 859 751 latuisse
873 696 967 750 tuum.

228 785 261 838 55
275 777 317 836 At
331 784 468 838 nostrum
481 775 614 835 tenebris
628 773 744 834 utinam
758 774 897 834 latuisset
909 775 939 832 in
954 774 1038 835 imis!

316 859 460 934 Expediit
473 858 573 918 studio
589 859 690 918 lumen
705 857 818 916 abesse
831 873 910 918 mco.

274 944 375 1017 thue
391 942 443 1001 tibi
458 947 589 1016 prosunt
603 948 694 1016 artes,
711 940 852 1010 facunde,
869 956 1006 1016 severae,

315 1027 486 1088 Dissimiles
501 1026 560 1086 illis
576 1026 621 1086 sic
635 1039 769 1086 nocuere
783 1024 866 1084 mihi.

275 1109 346 1170 Vita
361 1117 460 1170 tamen
475 1109 528 1172 tibi
542 1116 614 1171 nota
628 1125 696 1170 mea
711 1115 767 1170 est.
794 1109 857 1168 scis
872 1108 986 1168 artibus
1002 1108 1061 1168 illis

227 1203 262 1258 60
318 1195 461 1255 Auctoris
476 1210 579 1254 mores
595 1193 782 1254 abstinuisse
797 1193 860 1252 sui:

276 1277 343 1338 Scis
358 1283 447 1338 vetus
462 1278 522 1338 hoe
533 1277 638 1340 iuveni
652 1277 753 1336 lusum
767 1275 839 1336 milri
855 1289 985 1348 camnen,
1002 1283 1032 1338 et
1045 1276 1134 1352 istos,
1164 1296 1178 1304 ·

282 1427 290 1436 ,,
317 1362 356 1422 Ut
371 1378 432 1423 non
447 1361 629 1436 laudandos,
646 1359 690 1421 sie
704 1367 804 1421 tamen
820 1374 892 1420 esse
906 1359 1003 1420 iocos

273 1446 353 1520 Ergo
371 1451 405 1505 ut
418 1445 541 1505 defendi
556 1445 638 1504 nullo
653 1459 721 1504 mea
735 1459 832 1519 posse
847 1445 960 1518 colore,

317 1528 369 1589 Sic
383 1528 525 1588 excusari
541 1528 666 1588 crimina
681 1543 775 1604 posse
790 1536 874 1602 puto.

225 1621 258 1674 65
275 1611 339 1686 Qua
354 1618 452 1686 potes,
469 1626 594 1686 excuso,
606 1627 664 1670 nec
679 1612 768 1672 antici
783 1613 893 1672 desere
909 1617 1047 1670 cansam!

316 1695 380 1770 Quo
395 1695 474 1754 bene
490 1695 628 1771 coepisti,
643 1695 691 1756 sie
708 1695 789 1770 pede
797 1701 927 1770 ‘semper
942 1708 1005 1753 eas.

189 1823 254 1920 10·
275 1824 337 1922 Est
350 1861 422 1921 nlihi
436 1861 548 1937 sitque,
563 1879 683 1938 precor,
698 1862 798 1923 llavae
813 1865 906 1923 tutela
919 1863 1082 1938 Minervae,

315 1943 419 2019 Navia,
436 1952 467 2006 et
481 1962 499 2006 a
513 1948 595 2022 picta
610 1947 732 2008 casside
746 1962 858 2008 nomen
873 1947 972 2006 habet.

274 2028 345 2088 Sive
361 2045 440 2104 opus
456 2037 504 2090 est
517 2031 604 2104 velis,
620 2032 773 2112 minimam
788 2032 867 2090 bene
883 2031 975 2091 currit
989 2032 1028 2090 ad
1043 2045 1171 2092 auram:

313 2110 386 2172 Sive
401 2129 480 2188 opus
497 2121 545 2175 est
558 2130 653 2188 remo,
669 2115 783 2189 remige
798 2115 896 2189 carpit
909 2115 975 2174 iter.
1077 2157 1084 2168 ,
1248 2159 1249 2169 ,

235 2205 251 2256 5
265 2195 328 2256 Nec
343 2197 469 2258 comites
483 2201 601 2260 volucri
615 2203 758 2260 contenta
773 2205 820 2258 est
833 2199 956 2258 vincere
972 2213 1073 2274 cursu,

307 2277 445 2356 Occupat
459 2297 602 2356 egressus
620 2282 785 2355 quamlibet
799 2287 868 2340 ante
883 2290 974 2355 rates

268 2361 306 2422 Et
320 2365 432 2439 patitur
445 2363 558 2426 fluetus
574 2365 693 2440 fertque
708 2364 876 2426 assilientia
889 2366 981 2440 longe
1245 2425 1247 2446 ἦ

311 2451 465 2523 Aequora,
481 2464 537 2508 nec
553 2450 656 2509 saevis
675 2450 734 2509 ieta
750 2447 862 2508 fatiscit
877 2450 977 2524 aquis.
1245 2449 1247 2517 l

211 2553 216 2567 ·
269 2531 331 2602 Illa,
348 2531 546 2592 Corinthiacis
562 2533 694 2607 primum
709 2533 781 2592 mihi
797 2533 919 2606 cognita
934 2533 1136 2606 Cenchreis¹
1245 2559 1246 2610 q

222 2623 255 2675 lu
310 2613 385 2674 Fida
400 2622 502 2674 manet
515 2617 654 2692 trepidae
670 2618 796 2693 duxque
811 2632 978 2692 comesque
994 2617 1093 2691 rugae,
1245 2615 1246 2694 l

267 2697 387 2774 Perque
402 2707 445 2764 tot
459 2708 587 2762 eventus
603 2708 632 2762 et
645 2702 758 2777 iniquis
774 2701 894 2762 concita
909 2702 1008 2761 ventis
1039 2743 1044 2749 -
1244 2713 1245 2716 ’

308 2785 454 2859 Aequora
467 2783 602 2846 Palladio
618 2787 742 2846 numine
756 2791 820 2846 tuta
833 2785 897 2846 luit.
1140 2837 1148 2847 a

268 2868 353 2926 Nunc
369 2877 580 2942 quoquotum,
597 2885 716 2943 precor,
731 2869 811 2943 vasti
826 2874 911 2929 secet
926 2867 1005 2928 ostia
1018 2866 1115 2937 Ponti,

308 2950 452 3024 Quasque
466 2951 548 3027 petit
566 2952 660 3014 Getici
674 2953 770 3014 litoris
785 2953 875 3014 intret
889 2967 997 3025 aquas.

220 3042 250 3093 15
268 3033 351 3106 Quae
366 3033 456 3093 simul
470 3036 598 3094 Aeoliae
613 3051 696 3096 mare
711 3053 760 3097 me
775 3035 903 3097 deduxit
916 3035 946 3096 in
961 3035 1074 3108 Helles,

305 3115 342 3176 Et
355 3119 479 3192 longum
494 3120 576 3178 tenui
591 3120 684 3180 limite
699 3121 771 3180 lecit
785 3121 850 3194 iter,

263 3199 418 3260 Fleximus
433 3202 464 3261 in
481 3204 602 3264 laevum
618 3219 738 3278 cursus,
755 3210 785 3264 et
798 3204 838 3263 ab
852 3203 975 3264 Actoris
990 3202 1067 3263 uriae

305 3284 454 3346 Venimus
470 3286 510 3347 ad
525 3293 642 3361 portus,
659 3287 769 3347 Imbria
783 3295 872 3360 terra,
889 3296 970 3350 tuos.

264 3367 347 3439 Inde,
364 3369 422 3428 levi
439 3377 529 3431 vento
544 3371 709 3448 Zerynthia
728 3371 817 3430 litora
832 3379 930 3445 nacta,

210 3459 245 3510 uo
301 3449 469 3512 Threiciam
486 3454 580 3530 tetigit
594 3455 679 3514 sessa
695 3455 799 3514 carina
814 3453 937 3517 Samon.
1047 3455 1050 3460 '
