2520 4008
133 187 195 270 ιιι
533 179 762 264 nxronro

259 317 355 434 Quive
369 319 558 432 repertorem
572 353 680 416 torruit
696 359 760 413 arte
775 367 846 412 sue
910 399 911 402 ,

165 451 199 507 45
214 441 278 504 Sed
293 455 393 518 quum
398 443 495 501 marte
510 439 599 500 ferox
614 445 643 498 et
657 436 739 497 vinci
755 436 879 496 nescius
899 431 1004 524 ermis,
1050 510 1052 512 ¹
1109 497 1111 500 ,

255 525 329 586 Tum
343 537 524 600 numquam,
542 524 603 583 fact
592 529 622 583 to
637 535 731 597 poce,
746 517 865 580 cruoris
881 520 1011 580 amans.
1088 519 1094 526 “

132 651 134 658 ¹
214 607 321 682 A,dde
340 607 448 684 quod
440 622 589 684 ingenuus
605 605 751 666 didicisse
766 602 898 664 fideliter
912 609 993 662 artes
1093 621 1094 626 ¹

257 691 380 753 Emollit
393 706 513 766 moreS,
528 703 586 750 nec
602 687 673 749 sinit
687 703 759 748 esse
777 687 894 746 ieros.

135 773 138 778 ’
215 774 278 836 Nec
292 791 400 850 regum
415 775 579 850 quisquam
593 771 692 846 magis
707 777 755 831 est
769 761 935 830 instructus
951 767 1077 844 abillis,

144 853 146 856 ’
166 865 201 919 50
256 858 384 918 Mitibus
395 862 447 918 out
460 855 571 917 studiis
586 862 727 930 tempora
741 854 832 930 pluro
846 851 939 913 dedit.
999 849 1002 853 ’

98 955 100 961 ’
217 941 431 1003 carminat
371 945 431 1000 test
432 945 531 1000 antur.
562 953 657 1014 quae,
674 938 701 998 si
714 945 768 998 tuo
781 937 906 999 nomine
921 936 1037 1008 demas,

172 1049 175 1055 ff
257 1023 429 1083 Threicium
444 1022 587 1083 iuvenem
603 1023 821 1096 composuisse
836 1035 955 1096 negem.

215 1107 299 1167 Neve
314 1105 373 1168 sub
387 1105 448 1166 hoc
461 1111 560 1166 tractu
576 1112 662 1166 vates
677 1105 757 1166 soret
769 1104 879 1178 unicus
895 1099 1067 1179 Orpheus
1081 1110 1085 1112 ’

219 1189 419 1250 Bistonis
411 1190 535 1264 ingenio
550 1196 631 1250 terra
646 1187 806 1264 superbat
806 1203 847 1249 uo
862 1194 920 1248 cst.

166 1287 199 1344 55
213 1274 340 1349 thuet
328 1273 382 1332 tibi
397 1279 445 1333 est
458 1274 593 1348 animus,
612 1287 682 1332 cunr
699 1285 750 1331 res
766 1271 808 1332 ito
821 1264 894 1347 post
882 1271 969 1342 t‚ulat
986 1283 1070 1330 arma

196 1425 197 1430 ἵ
260 1357 388 1420 Sumere
403 1363 433 1417 et
446 1354 549 1416 hostili
565 1355 682 1430 tingere
697 1353 794 1430 caede
807 1368 939 1429 manum,
998 1361 1008 1368 ’

215 1444 257 1504 Αι
245 1450 318 1517 tque
332 1447 366 1504 ιιι
381 1456 415 1500 es
431 1453 567 1500 excusso
582 1439 715 1500 iaculum
730 1445 875 1515 torquere
888 1440 1002 1498 lacerto

260 1525 407 1599 Collaque
420 1523 538 1584 velocis
558 1521 683 1584 flectere
698 1522 807 1583 doctus
823 1523 904 1601 oqui,

206 1609 369 1684 Tempore
383 1608 428 1667 sic
444 1606 515 1667 data
530 1614 600 1668 sunt
615 1606 725 1668 studiis
739 1607 792 1667 ubi
806 1606 888 1668 iusta
901 1605 1046 1692 paternis,
1097 1665 1099 1672 ,

164 1701 200 1758 io
255 1693 297 1752 At
284 1699 359 1766 tque
378 1691 444 1753 suis
459 1691 593 1753 numeris
608 1689 702 1752 forte
703 1689 819 1788 quievit
833 1704 923 1766 opus,

216 1775 261 1835 Ne
277 1781 328 1835 tua
342 1782 533 1844 marcescant
549 1789 607 1850 per
624 1773 729 1836 inertis
749 1775 812 1836 otia
827 1787 964 1847 somnos,

154 1921 156 1926 ,
259 1857 377 1918 Lucida
389 1858 489 1920 Pteria
503 1859 628 1919 tendis
620 1875 650 1918 1n
665 1865 749 1919 astro
762 1859 822 1918 vie.
1191 1913 1194 1918 ,
1249 1879 1250 1912 t

217 1941 302 2002 Haec
315 1949 444 2018 ‘quoque
458 1959 510 2003 res
525 1942 641 2017 aliquid
656 1951 756 2004 tecum
771 1937 844 2002 mihi
859 1939 995 2003 foederis
1011 1936 1111 1998 effert.
1249 1941 1250 1998 ζ

258 2024 407 2087 Eiusdem
422 2027 503 2086 sacri
518 2026 616 2094 cultor
630 2033 760 2102 uterque
774 2041 913 2086 sumus.
1249 2021 1250 2046 ¹

168 2111 202 2165 65
217 2105 268 2182 Ad
282 2115 385 2169 votem
398 2116 486 2170 votes
501 2110 620 2174 orantia
634 2108 761 2170 brechia
775 2108 879 2202 tendo,

259 2177 353 2252 Terre
367 2191 406 2252 sit
418 2193 518 2253 exitiis
534 2200 567 2253 ut
581 2198 633 2252 tua
647 2193 711 2252 fida
724 2193 1064 2252 meis..

217 2275 285 2334 Non
301 2288 359 2350 ego
375 2275 472 2336 caede
485 2291 603 2336 nocens
618 2276 648 2335 in
663 2275 750 2334 Ponti
765 2275 855 2336 litore
869 2274 948 2346 veni,
1046 2303 1047 2306 π

260 2355 336 2416 Mixt
324 2365 394 2419 tave
410 2364 481 2418 sunt
494 2365 601 2420 nostra
615 2359 682 2418 dire
699 2373 820 2418 venena
836 2371 941 2418 mamm

219 2440 283 2500 Nec
297 2455 366 2499 mea
380 2439 519 2502 subiecta
534 2443 675 2503 convicta
690 2448 740 2502 est
753 2437 1000 2517 gemmatobeilu
1096 2437 1111 2448 ”

141 2563 144 2590 .
166 2535 201 2592 ιο
256 2518 436 2584 Mendecem
451 2525 544 2585 linis
536 2525 725 2603 imposuisse
739 2532 853 2588 notam.

218 2605 282 2666 Nec
299 2607 478 2684 quicquam,
495 2611 581 2684 quod
587 2611 663 2706 lege
678 2616 765 2671 vetor
780 2607 981 2680 committere,
999 2604 1075 2667 teci

102 2771 103 2774 Ἴ
259 2690 316 2751 Est
328 2696 429 2752 temen
445 2687 494 2753 his
509 2693 634 2768 gravior
647 2709 731 2755 noxa
745 2692 870 2754 fatenda
884 2689 967 2751 mihi.

218 2773 303 2835 Neve
316 2789 419 2863 roges,
436 2791 516 2853 quae
531 2778 580 2838 sit.
596 2779 718 2840 stultam
734 2793 826 2854 quam
841 2774 1023 2864 scripsimus
1037 2771 1159 2844 Artem,

168 2920 171 2926 ,
261 2853 415 2920 Innocuos
430 2858 521 2921 nobis
535 2862 613 2923 hacc
627 2867 711 2924 vetet
725 2877 797 2922 esse
811 2861 931 2920 munus.
1114 2884 1119 2886 >

168 2949 202 3006 ⁷5
214 2939 337 3015 Ecquid
350 2949 438 3016 praet
439 2959 511 3004 crea
524 2947 694 3022 peccarim,
710 2959 860 3021 quaerere
874 2942 946 3016 noli,

166 3103 169 3106 ῃ
224 3059 226 3062 -
259 3023 300 3083 Ut
313 3024 405 3087 latent
420 3028 488 3088 sola
503 3031 595 3106 cuipa
609 3029 667 3092 sub
681 3031 757 3092 Arte
771 3044 850 3088 mee.

219 3105 371 3183 Quicquid
385 3109 416 3170 id
431 3119 493 3186 est,
508 3111 614 3174 habuit
630 3112 819 3174 moderatam
833 3109 965 3171 vindicis
980 3108 1067 3180 irem,
1249 3161 1250 3196 ¹

261 3191 316 3266 Qut
330 3192 389 3252 nisi
404 3195 535 3255 natalem
550 3195 591 3256 nil
605 3197 678 3256 mihi
694 3195 828 3271 dempsit
840 3194 975 3254 humum.
1007 3233 1011 3236 -

130 3311 132 3316 ,
216 3274 282 3335 Huc
297 3277 442 3352 quoniam
458 3285 632 3354 carcostua
650 3295 731 3340 nunc
745 3277 859 3338 vicinio
873 3281 1048 3355 praestet!
1249 3333 1250 3368 ¹

165 3364 203 3419 80
257 3359 362 3420 inviso
377 3359 495 3435 possim
511 3368 593 3422 tutus
607 3370 642 3426 ιιι
656 3377 728 3424 csse
743 3361 822 3423 loco.

539 3499 741 3514 *n———n-——nn
