2520 4012
429 231 465 306 11,
487 226 644 306 ees-111,
666 230 694 306 1,
718 227 769 294 et.
982 176 984 188 Ι
1065 231 1106 299 tn

193 431 196 437 .
216 383 349 446 Molliter
363 381 393 443 in
409 383 507 458 patria
521 382 626 441 vivere
639 397 736 458 posse
751 389 813 445 tua.

125 479 159 532 11
174 471 240 532 Duc
255 471 328 544 agel
363 482 496 540 namque
511 477 638 542 sequar,
659 469 799 542 quamvis
814 475 957 546 terraque
970 469 1106 545 marique

216 552 399 626 Longinquo
414 551 544 610 referam
558 551 660 610 lassus
675 551 714 609 ab
730 550 804 611 orbe
818 553 952 627 pedem!

175 635 291 707 Paruit,
307 640 337 694 et
352 633 469 694 ducens
492 633 586 693 ‘llaec
601 641 672 696 sunt
686 635 752 695 iera
767 635 929 710 Caesaris?
945 638 1042 716 inquit

166 719 169 723 ’
217 719 312 780 ‘Haeo
327 725 375 777 est
389 733 408 776 a
422 718 519 776 sacris
533 732 612 790 quae
628 717 679 776 via
692 733 803 779 nomen
818 719 919 792 habet,

175 803 233 863 Hic
246 804 332 862 locus
348 806 396 862 est
410 801 538 872 Vestae,
556 801 608 874 qui
622 799 746 860 Pallada
761 810 863 863 servat
877 810 907 864 et
920 803 1030 877 ignem,

128 895 165 950 30
219 886 276 946 Hic
291 886 346 944 luit
359 885 477 960 antiqui
492 885 576 957 regia
590 899 688 958 parva
702 885 840 946 Numae!

161 970 250 1028 ¹lnde
265 975 372 1044 petens
388 969 526 1028 dextram
545 967 648 1027 ‘Porta
661 973 719 1028 est’
735 969 777 1028 ait
791 971 863 1030 ‘ista
875 970 978 1045 Palati,

216 1050 273 1131 Hie
289 1051 405 1125 Stator,
422 1051 481 1111 hoc
497 1051 627 1126 primum
643 1051 767 1113 condita
781 1053 880 1114 Roma
894 1055 963 1115 loco
978 1058 1047 1116 cst’

176 1133 302 1210 Singula
317 1136 389 1195 dum
404 1136 511 1208 miror,
526 1135 618 1194 video
633 1135 818 1209 fulgentibus
835 1137 927 1198 armis

215 1218 407 1294 Conspicuas
422 1225 529 1295 postes
545 1224 685 1291 tectaque
700 1219 793 1294 digna
808 1222 879 1281 deo.

122 1311 158 1367 35
175 1303 224 1362 ‘Et
235 1303 317 1362 lovis
330 1303 418 1362 haec’
429 1303 492 1361 dixi
504 1303 626 1362 ‘domus
640 1307 718 1363 estt’
736 1303 819 1378 quod
829 1310 862 1365 ut
873 1320 944 1366 esse
957 1313 1103 1382 putarem,

213 1387 383 1460 Augurium
398 1387 489 1446 menti
505 1401 621 1462 querna
635 1401 751 1446 corone
765 1387 867 1449 dabat.
922 1403 931 1418 ·

174 1467 268 1530 Cuius
282 1476 315 1528 ut
328 1469 434 1544 accepi
451 1471 620 1544 dominum,
642 1469 719 1530 ‘Non
736 1471 878 1532 fallimur’
895 1473 1018 1548 inquam

216 1553 265 1612 ‘Et
278 1554 380 1627 magni
396 1569 500 1614 verum
514 1560 563 1613 est
576 1553 655 1612 hanc
669 1555 752 1614 lovis
767 1571 839 1616 esse
855 1556 986 1616 donnum.

175 1635 236 1697 Cur
248 1643 348 1696 tamen
364 1637 508 1712 apposita
524 1637 641 1696 veletur
654 1637 745 1698 ianua
761 1639 857 1714 lauro,

5 1785 7 1810 ἒ
123 1729 161 1784 40
216 1716 314 1794 Cingit
327 1727 357 1781 et
372 1727 520 1795 augustas
539 1719 631 1780 arbor
646 1736 744 1796 opaca
759 1729 888 1783 comest

172 1803 249 1864 Num
265 1803 336 1878 quia
351 1811 517 1880 perpetuos
532 1804 642 1866 mertui
656 1805 765 1866 domus
779 1806 839 1866 ista
852 1806 1032 1883 triumphos,

210 1889 258 1947 An
274 1887 347 1962 quia
360 1889 515 1948 Leucadio
531 1904 654 1964 semper
667 1893 766 1950 ansata
781 1890 840 1950 deo
856 1897 924 1950 esti

172 1971 284 2046 lpsane
300 1971 383 2046 quod
399 1973 480 2032 lesia¹
491 1978 552 2045 est,
568 1989 607 2032 an
623 1973 707 2046 quod
722 1974 794 2034 lacit
810 1975 911 2035 omnia
925 1973 1025 2034 lesia?

213 2054 309 2128 Quam
323 2053 544 2129 tribuitterris,
560 2057 647 2130 paois
663 2072 701 2114 an
717 2057 775 2116 ista
790 2064 862 2117 nota
877 2063 944 2117 esti

121 2147 157 2200 45
170 2138 275 2213 thue
289 2137 365 2197 viret
378 2153 500 2214 semper
515 2139 617 2199 laurus
633 2155 690 2198 nec
705 2140 813 2200 fronde
828 2141 945 2198 caduca

214 2221 366 2296 carpitur,
384 2231 540 2284 aeternum
556 2222 601 2282 sio
614 2222 708 2282 habet
723 2223 773 2282 illa
788 2223 906 2284 decus?

173 2305 272 2364 Causa
286 2306 501 2380 superpositae
517 2308 631 2381 scripto
645 2313 775 2366 testante
790 2321 924 2366 coronae

214 2383 361 2448 Servatos
377 2391 463 2447 cives
478 2389 592 2449 indicat
606 2389 696 2449 huius
714 2405 785 2465 ope.

170 2469 270 2530 Adice
284 2472 416 2531 servatis
428 2489 537 2545 unum,
554 2479 640 2546 pater
653 2473 782 2548 optime,
801 2473 910 2547 civem,

120 2563 156 2616 50
211 2553 266 2627 Qui
282 2556 390 2629 procul
405 2561 541 2614 extremo
556 2555 663 2634 pulsus
680 2557 710 2615 in
726 2557 800 2616 orbe
815 2557 901 2617 latet:

170 2637 204 2698 In
220 2653 281 2710 qno
297 2653 482 2712 poenarum,
503 2653 580 2712 quas
596 2654 632 2698 se
645 2640 795 2700 meruisse
811 2642 929 2711 latetur,

210 2721 277 2779 Non
294 2720 414 2782 lacinus
428 2737 568 2795 eausam,
584 2722 642 2780 sed
656 2737 733 2782 suus
748 2737 833 2782 error
847 2719 948 2780 habet.

169 2803 221 2863 Me
234 2803 394 2864 miserum!
415 2819 587 2878 vereorque
600 2805 703 2863 locrrm
718 2819 888 2878 vereorque
903 2809 1066 2881 potentem,

147 2909 151 2914 ·
170 2885 175 2895 '
208 2887 246 2947 Et
260 2889 394 2962 quatitur
406 2889 526 2963 trepido
542 2888 641 2948 littera
655 2894 760 2948 nostra
776 2897 867 2949 metu.

120 2979 155 3032 ⁵5
169 2959 294 3046 Aspicis
310 2972 441 3048 exangui
456 2971 590 3032 eltartam
604 2972 719 3046 pallere
735 2973 860 3032 coloret

59 3059 62 3064 '
181 3115 187 3122 ,
210 3055 337 3130 Aspicis
352 3057 485 3116 alternos
501 3055 695 3116 intremuisse
709 3057 830 3130 pedest

170 3137 586 3214 Quandocumque‚'precor,
602 3146 708 3199 nostro
725 3141 845 3214 placata
860 3140 977 3215 parunt

209 3221 313 3282 Isdem
328 3224 385 3284 suh
402 3223 533 3297 dominis
556 3223 706 3298 aspiciare
721 3223 859 3284 domusl’

168 3305 244 3364 Inde
259 3311 369 3367 tenore
383 3309 449 3383 pari
464 3306 611 3382 gradibus
627 3306 767 3367 sublimia
781 3307 872 3368 celsis

118 3395 155 3451 60
208 3388 313 3451 Decor
328 3391 369 3451 ad
383 3391 496 3454 intonsi
513 3391 643 3451 candida
657 3391 772 3466 templa
786 3392 844 3464 dei,

167 3469 263 3549 Signa
279 3475 451 3550 peregrinis
465 3475 518 3536 ubi
533 3481 603 3534 sunt
617 3476 733 3535 alterna
748 3472 896 3534 columnis
939 3483 942 3487 ·
1032 3483 1040 3498 ·
