2520 4008
377 113 378 117 Ν
469 163 498 234 1,
519 159 554 233 a,
578 151 719 236 roa-43,
743 159 793 222 aa.

137 325 192 380 140
248 315 304 376 Est
317 314 396 373 inter
410 311 538 394 comites
552 311 668 388 Marcia
680 327 780 372 censa
793 323 879 387 suaa,

126 421 127 424 ¹
203 401 302 475 Inque
315 397 381 458 suis
396 394 502 458 habuit
515 400 675 456 matertera
691 395 830 458 Caesaris
846 402 930 457 ante=

248 483 381 558 Quarum
397 479 509 540 iudicio
524 477 616 554 siqua
629 477 773 553 probata,
791 481 889 555 proba
903 484 960 540 est.

206 569 280 644 lpsa
294 580 352 625 sua
370 561 479 624 melior
492 563 589 636 lama,
605 561 801 622 laudantibus
820 563 897 636 istis,

248 647 376 710 Claudia
390 645 494 708 divina
509 660 571 705 non
587 644 725 720 eguisset
739 660 809 722 ope.

121 781 124 787 i
140 730 192 796 14‘5
206 733 270 793 Nos
285 735 410 808 quoque
425 728 608 805 praeteritos
623 727 690 788 sine
704 728 774 788 labe
789 728 962 806 peregimus
983 744 1095 790 annos:

248 816 391 876 Proxima
405 824 479 890 pars
493 812 574 872 vitae
588 812 788 874 transilienda
803 828 899 874 meae.

206 899 270 960 Sed
285 900 324 960 de
338 913 388 958 me
402 904 435 958 ut
449 897 573 969 sileam,
589 895 724 956 coniunx
737 901 807 957 mea
821 897 942 958 sarcina
958 902 1059 956 vestra
1074 900 1136 956 esta

230 982 314 1064 xNon
328 989 419 1058 potes
432 981 513 1042 hanc
529 979 616 1040 salva
631 978 824 1042 dissimulare
838 981 909 1042 lide.

129 1073 133 1077 “
207 1067 348 1142 Confugit
361 1065 439 1139 hacc
454 1064 494 1124 ad
511 1079 583 1138 voa,
599 1069 719 1124 vestras
734 1065 924 1140 amplectitur
938 1078 1039 1124 aras...

144 1161 196 1214 150
228 1202 230 1207 .
250 1151 318 1210 lure
331 1149 416 1210 venit
431 1151 530 1212 cultos
545 1147 586 1208 ad
600 1146 659 1206 sibi
675 1146 806 1224 quisque
822 1148 930 1209 deos...

206 1233 361 1309 Flensque
375 1230 638 1310 rogat,procibus
653 1230 746 1292 lenito
763 1231 896 1294 caesare
909 1231 1032 1303 vestris,

248 1317 345 1379 Busta
359 1318 409 1380 sui
422 1318 498 1378 liant
511 1323 545 1377 ut
563 1313 711 1391 propiora
726 1315 791 1374 viri.

523 1457 736 1471 *—

153 1501 193 1600 3.
249 1536 436 1610 annino.

207 1616 298 1718 Hanc
311 1659 365 1720 tibi
379 1658 461 1721 Naso
476 1665 546 1722 tuus
562 1659 664 1734 mittit,
680 1658 805 1733 Rufina,
822 1653 965 1718 salutem}

250 1742 307 1817 Qui
321 1743 493 1818 miserest,
508 1743 562 1805 ulli
577 1744 604 1804 si
620 1759 695 1806 suus
711 1758 784 1804 esse
799 1747 911 1823 potest.

205 1825 337 1886 Reddita
351 1827 499 1891 coninsae
513 1843 612 1904 nuper
626 1826 744 1889 solacia
756 1825 857 1896 menti

177 1927 179 1931 ·
248 1909 403 1970 Auxilium
416 1909 531 1972 nostris
547 1925 699 1988 spemque
712 1912 809 1972 tulere
824 1908 922 1969 malis.

177 2000 195 2051 5
208 1991 309 2069 thue
323 1993 514 2056 Machaoniis
528 1994 692 2056 Poeantius
707 1993 822 2055 artibus
837 1993 931 2053 heros

249 2077 355 2138 Lenito
371 2079 522 2139 medicam
536 2081 664 2140 vulnere
677 2079 777 2140 sensit
792 2092 892 2153 opem,
967 2129 968 2134 ,

207 2157 259 2220 Sic
274 2176 332 2236 ego
347 2169 448 2223 mente
462 2163 570 2224 iacens
585 2169 616 2222 et
630 2159 743 2223 acerbo
760 2159 884 2223 saucius
899 2156 962 2220 ictu
1024 2175 1050 2204 ··

245 2244 418 2307 admonitu
433 2243 524 2322 coepi
539 2245 647 2306 fortior
661 2260 733 2307 esse
747 2253 816 2307 tuoe

206 2325 245 2387 Et
259 2327 318 2388 iam
334 2329 483 2391 deficiens
499 2330 545 2390 sic
559 2329 600 2390 ad
615 2335 668 2392 tua
681 2329 777 2390 verba
791 2325 899 2401 revixi,

157 2416 193 2472 10
248 2413 289 2473 Ut
303 2414 383 2478 solet
396 2413 500 2474 inluso
514 2429 598 2475 vena
610 2414 712 2475 redire
727 2427 821 2474 mero.

206 2493 274 2556 Non
288 2502 388 2558 tamen
404 2497 540 2559 erdribuit
553 2505 653 2560 tantas
667 2496 812 2559 facundia
828 2493 919 2568 vires,

249 2580 290 2640 Ut
303 2596 372 2642 mea
387 2582 449 2643 sint
463 2581 554 2643 dictis
569 2588 696 2659 pectora
710 2597 787 2642 sana
799 2579 871 2640 tals.
934 2590 940 2617 ¹

207 2660 247 2723 Ut
261 2665 386 2728 multum
400 2672 527 2727 nostrae
542 2666 649 2726 demas
664 2665 703 2726 de
712 2663 845 2740 gurgite
854 2675 954 2734 curae,

188 2748 193 2759 “
249 2746 317 2808 Non
331 2749 433 2812 minus
448 2750 600 2812 exhausto
616 2748 701 2826 quod
715 2744 887 2823 superabit,
904 2743 967 2804 erit.

155 2837 190 2890 15
205 2829 357 2908 Tempore
372 2832 502 2896 ducetur
515 2834 610 2909 longo
629 2834 763 2895 sortasse
777 2828 912 2891 cicatrix.

248 2914 381 2978 Horrcnt
395 2919 536 2978 admotas
550 2917 679 2980 vulnera
692 2916 787 2977 cruda
800 2928 919 2974 manus.

135 3019 143 3032 ·
206 2997 274 3060 Non
287 3007 336 3060 est
349 3000 382 3061 in
395 3001 517 3064 medico
533 3017 670 3078 semper,
685 3000 839 3061 relevetur
851 3003 885 3059 ut
899 3010 1002 3072 aeger.

250 3081 408 3146 Interdum
421 3086 513 3146 docta
525 3085 598 3162 plus
614 3085 697 3146 vaiet
713 3088 777 3142 arte
790 3083 914 3144 malum.

208 3163 331 3242 cernis,
345 3175 380 3230 ut
393 3185 411 3230 a
425 3169 509 3230 molli
525 3169 652 3244 sanguis
666 3168 811 3245 pulmone
824 3167 972 3227 remissus
997 3179 1001 3183 ·

153 3255 192 3308 20
248 3249 300 3312 Ad
314 3251 441 3331 Stygias
457 3260 542 3315 certo
556 3253 650 3313 limite
665 3253 757 3313 ducat
771 3265 879 3326 aquas.

207 3329 327 3396 Afferat
341 3337 410 3411 ipse
425 3336 498 3397 licet
509 3351 616 3398 sacras
629 3331 815 3412 Epidaurius
830 3333 953 3406 herbas,

235 3415 378 3498 'Sanabit
390 3420 476 3482 nulla
489 3419 617 3482 vulnera
630 3419 734 3482 cordis
750 3431 821 3494 ope.
