2524 4004
461 214 504 290 Π,
526 212 702 324 cal-7766.
774 238 778 246 ·
974 262 981 317 3
1028 221 1090 287 att
1142 209 1151 222 ⁸

157 369 278 442 Ecquid
293 365 324 425 in
339 365 444 426 ollicio
459 371 544 426 torus
560 374 607 424 est
625 369 821 429 socialistt
791 377 821 429 el
835 372 946 446 ecquid
1011 376 1014 381 ’

55 497 60 503 .
89 463 143 521 730
199 450 386 524 Coniugibus
402 451 515 508 nostris
530 458 632 510 mutua
647 466 721 511 cura
736 458 879 515 sumust’

159 537 296 613 Quisque
315 549 403 593 suam
418 533 533 592 laudat.
562 533 671 593 studiis
687 537 852 608 certamina
867 546 1018 616 crescunt,

199 619 237 680 Et
250 619 378 678 fervent
385 609 479 688 inulto
494 616 659 692 linguaque
676 633 790 692 corque
806 637 900 682 mero

161 703 263 777 Surgit
279 701 328 760 cui
344 699 472 762 dederat
486 700 600 760 clarum
615 699 743 762 Collatia
760 719 885 763 nomen.

63 829 68 833 -
204 786 377 860 ‘Nonopus
394 782 574 859 columbis,
596 785 852 856 crediterebust’
876 791 961 849 ait.
1109 854 1111 857 .

91 881 145 938 735
161 871 242 932 ‘Nox
257 875 408 944 superest.
437 867 579 928 tollamur
596 868 694 942 equis,
715 870 890 946 Urbemque
905 879 1079 948 petemusl’

203 954 292 1013 Dicta
305 952 443 1026 placent,
466 951 560 1010 irenis
576 951 771 1026 inpediuntur
785 957 866 1030 equi.

161 1037 349 1097 Pertulerant
365 1034 517 1094 dominos.
547 1035 662 1108 regalia
676 1037 815 1110 protinus
834 1039 875 1096 illi

197 1121 288 1180 Tecta
303 1120 420 1193 petunt.
449 1124 555 1178 custos
571 1118 602 1176 in
617 1119 683 1179 lore
698 1121 798 1179 nullus
813 1129 886 1180 erat.

160 1204 242 1264 Ecce
255 1213 365 1262 nurum
375 1203 461 1284 regis
476 1202 554 1262 lusis
571 1216 626 1275 per
641 1202 721 1261 colla
736 1205 858 1263 coronis

92 1297 147 1353 740
200 1286 362 1347 Inveniunt
376 1287 478 1361 posito
495 1285 680 1364 per-vigilare
695 1301 789 1346 mero.

161 1372 236 1431 Inde
252 1371 311 1430 cito
327 1386 425 1454 passu
438 1370 551 1446 petitur
563 1370 711 1430 Lucretia
740 1370 840 1443 nebat

68 1513 71 1520 ,
200 1456 282 1514 Ante
295 1461 395 1514 torum
411 1455 491 1514 calat
491 1454 522 1513 hi
479 1454 704 1536 [lanaque
685 1455 785 1513 mollis
802 1463 876 1514 erat

161 1538 277 1600 Lumen
293 1539 332 1598 ad
347 1538 498 1612 exiguum
506 1539 638 1598 famulae
652 1523 723 1598 dat'a
739 1553 836 1614 pensa
851 1537 1025 1598 trahebant:
1078 1534 1081 1548 ’

201 1624 283 1682 Inter
300 1637 378 1696 quas
397 1622 480 1682 tenui
495 1622 540 1682 sic
554 1622 617 1681 ait
609 1638 679 1698 ipsa
693 1639 786 1682 sono:

94 1715 147 1770 745
162 1706 378 1767 ‘Mittcndaest
389 1705 545 1766 domino...
557 1721 737 1782 nunc,nunc
747 1712 922 1797 properate
934 1705 1095 1780 puellael..

206 1789 434 1878 Quamprimum
449 1797 555 1850 nostra
568 1791 657 1862 lacta
664 1790 787 1850 lacerna
800 1806 901 1848 manu

52 1926 58 1942 q
165 1872 243 1947 Quid
255 1867 356 1932 tamen
368 1867 507 1933 auditis?
527 1889 598 1933 nam
613 1863 700 1948 plura
715 1872 821 1934 audire
838 1872 981 1948 potestis:

204 1956 354 2030 Quantum
368 1957 503 2016 debello
519 1957 629 2018 dicitur
644 1973 716 2018 esse
731 1963 846 2033 super?

162 2039 331 2099 Postmodo
346 2041 427 2100 victa
442 2041 547 2100 cades.
575 2040 768 2115 melioribus,
789 2040 909 2112 Ardea,
930 2047 1079 2104 restas,

66 2159 68 2162 ·
93 2132 148 2187 750
204 2121 353 2197 Inproba,
377 2140 456 2198 quae
471 2131 595 2184 nostros
611 2125 696 2199 cogis
712 2123 824 2184 abesse
838 2123 938 2182 viros!

165 2206 232 2267 Sint
244 2213 361 2266 tantum
374 2208 519 2266 reduces!
544 2207 606 2268 Sed
621 2209 702 2267 enim
716 2207 895 2267 temerarius
910 2206 962 2266 ille

203 2291 259 2350 Est
273 2307 375 2364 mene,
398 2297 429 2350 et
446 2287 551 2352 stricto
567 2290 705 2366 quolibet
719 2307 794 2351 ense
809 2290 877 2350 ruit.

163 2372 251 2434 Mens
267 2374 343 2447 abit,
365 2382 395 2433 et
409 2375 531 2448 morton
555 2376 695 2449 quotiens
710 2374 873 2451 pugnantis
889 2374 989 2448 imago
1093 2421 1097 2424 .

203 2457 253 2516 Me
269 2457 365 2528 subit,
388 2464 421 2529 et
431 2459 565 2532 gelidum
580 2465 705 2534 pectora
720 2458 814 2533 frigus
829 2455 943 2516 habet?

96 2550 149 2606 toa
163 2542 282 2602 Desinit
295 2541 326 2600 in
341 2541 499 2614 lacrimae,
519 2544 694 2618 intentaque
708 2543 761 2602 iila
776 2539 904 2611 remittit7

202 2625 236 2683 In
252 2626 367 2699 gremio
383 2627 500 2685 voltum
514 2627 719 2706 deposuitque
738 2641 835 2704 suum.

163 2709 230 2768 Hoc
244 2709 346 2784 ipsum
362 2708 472 2769 decuit.
505 2710 651 2770 lacrimae
662 2711 793 2770 decuere
807 2707 949 2785 pudicae,

203 2791 242 2852 Εἰ
256 2794 352 2852 iacies
368 2794 468 2852 animo
484 2793 638 2868 dignaque
654 2807 771 2869 parque
786 2790 850 2851 luit.

62 2883 64 2890 ’
165 2875 260 2935 ‘Pone
275 2883 402 2950 metum,
423 2877 551 2937 veniot’
575 2877 708 2938 coniunx
723 2876 773 2936 ait.
802 2874 858 2932 Illa
872 2872 992 2948 revixit,

94 2965 153 3020 toll
202 2958 382 3034 Deque‘viri
399 2962 478 3022 collo
494 2961 584 3024 dulce
600 2960 746 3037 pependit
760 2973 848 3019 onus.

165 3040 284 3122 Interea
298 3046 418 3106 iuvenis
435 3045 562 3105 laniatos
574 3045 678 3119 regius
693 3043 772 3117 ignis

140 3135 146 3142 ’
204 3125 358 3202 Concipit,
379 3135 410 3186 et
424 3142 517 3188 caeco
531 3135 637 3203 raptus
653 3142 757 3188 amore
772 3125 851 3185 lurit.

162 3203 274 3270 Forma
288 3211 403 3292 placet,
426 3212 597 3287 niveusque
612 3209 863 3284 colendamque
882 3208 994 3286 capilli,
1052 3219 1055 3226 ·

205 3293 326 3369 Quique
338 3296 445 3356 aderat
459 3297 541 3356 nulla
554 3297 654 3358 lactus
668 3293 707 3353 ab
722 3300 786 3354 arte
800 3294 909 3353 decor=

21 3431 23 3434 .
45 3439 48 3453 s
94 3381 146 3438 765
161 3375 267 3437 Verba
282 3379 404 3456 placent
418 3387 448 3440 et
460 3395 537 3452 vox,
560 3386 590 3439 et
612 3377 696 3456 quod
715 3377 909 3451 corrumpere
925 3389 986 3434 non
1000 3387 1063 3432 esca
1167 3465 1171 3473 Ι
1202 3389 1205 3397 ·

29 3515 31 3522 .
115 3492 137 3513 »
200 3458 329 3535 Quoque
348 3465 448 3524 minor
462 3477 537 3539 spes
552 3469 614 3537 est,
636 3463 696 3523 hoc
711 3461 808 3535 magis
822 3459 874 3518 ille
889 3458 982 3534 cupit.

15 3548 27 3632 l'
143 3559 243 3603 evm.
266 3545 317 3604 ΠΙ.
708 3580 712 3587 ·
853 3546 887 3602 16
