2524 4004
123 209 186 275 rso
498 199 575 268 ,ax
595 198 742 262 rouro

204 363 246 422 At
260 359 333 420 milri
347 351 476 430 dilapsis
491 354 568 414 inter
582 369 666 413 nova
679 348 792 427 gaudia
806 351 887 412 curis

246 441 369 502 Excidit
381 438 533 515 asperitas
548 437 639 512 huius
655 436 760 509 iniqua
773 434 842 494 loci.
1115 503 1118 508 .

157 527 287 600 Ergo
302 523 369 598 ubl,
383 523 457 583 Iane
471 520 594 597 biceps,
609 521 735 594 longum
748 515 939 578 reseraveris
960 533 1084 595 annum,

246 608 357 670 Pulsus
373 610 403 666 et
415 622 435 666 a
449 621 539 666 sacro
553 619 661 664 mense
674 601 843 664 December
858 602 923 674 erit,

154 695 189 750 25
202 691 339 768 Purpura
351 675 530 786 Pompeium
545 703 655 747 summr
646 683 783 745 velabit
794 684 933 759 honoris,
1020 717 1023 724 ,

247 775 292 835 Ne
305 765 410 835 titulis
414 771 577 847 quicquam
592 767 704 842 debeat
716 767 767 827 ille
782 768 857 828 suis.

206 857 359 919 Cernere
352 871 412 915 lam
425 854 536 915 videor
549 852 648 930 rumpi
669 835 839 926 penetralia
853 847 949 925 turba,

246 942 285 1002 Et
298 941 448 1016 populum
461 936 541 998 laedi
557 932 701 996 deficient
689 941 719 993 te
733 935 814 1008 loco,

203 1023 391 1100 Templaque
404 1020 551 1096 Tarpeiae
565 1019 696 1095 primum
709 1007 764 1078 tibi
779 1013 864 1078 sedis
880 1011 965 1090 adiri,

154 1107 191 1164 ιιι
245 1107 282 1168 Ει
296 1107 363 1168 fieri
377 1104 507 1166 faciles
500 1121 531 1162 ιιι
544 1109 598 1164 tua
611 1117 652 1163 vo
653 1109 685 1161 te
653 1101 793 1162 l.deos

204 1190 289 1252 Colla
302 1191 400 1250 boves
415 1189 524 1248 niveos
540 1191 641 1246 certae
656 1184 806 1261 praebere
821 1184 930 1258 securi,

244 1273 327 1348 Quos
343 1272 417 1334 aluit
431 1271 549 1346 campis
565 1268 662 1330 herba
674 1266 796 1328 Falisca
811 1267 892 1330 suis·

204 1357 341 1430 cumque
356 1356 432 1416 deos
448 1368 571 1427 onmes,
590 1356 654 1413 tum
669 1368 749 1426 quos
763 1347 922 1428 inpensius
939 1364 1056 1425 aequos

243 1440 324 1500 Esse
337 1438 391 1499 tibi
406 1437 531 1514 cupias,
546 1452 615 1497 oum
629 1437 704 1496 love
718 1435 832 1496 Caesar
848 1433 913 1494 erit

154 1523 189 1578 35
205 1523 293 1584 Curia
311 1528 341 1582 te
355 1521 501 1598 excipiet,
521 1527 687 1596 patresque
703 1535 720 1579 e
735 1533 820 1579 more
834 1517 935 1578 vocati

243 1605 405 1665 intendent
420 1618 511 1666 aures
528 1603 568 1662 ad
582 1600 634 1663 tua
647 1602 743 1662 verba
757 1619 841 1662 suas.
880 1613 884 1620 ·

130 1699 133 1702 ·
202 1689 268 1748 Hos
283 1687 336 1749 ubi
350 1687 483 1750 larundo
496 1693 551 1747 tua
564 1701 627 1746 vox
641 1685 815 1746 hilaraverit
830 1699 894 1758 ore,

243 1772 344 1847 thue
359 1773 452 1844 solet,
467 1770 568 1830 tulerit
580 1785 733 1846 prospera
746 1769 843 1830 verba
856 1769 933 1842 dies,

207 1855 315 1930 Egens
330 1861 360 1915 et
374 1853 497 1914 meritas
511 1854 633 1930 superis
648 1869 718 1914 oum
733 1853 864 1913 Caesare
878 1857 1052 1930 grates..

159 1933 196 1992 40
242 1937 298 2012 Qui
312 1953 452 2012 causam,
467 1937 563 1997 iacias
579 1953 632 1997 cur
646 1936 687 1997 ita
701 1951 810 2012 saepe,
831 1935 944 1997 dabit...

203 2023 278 2082 lnde
293 2021 418 2083 domum
431 2027 518 2096 repet
519 2035 553 2080 es
569 2027 633 2081 tolo
650 2021 814 2081 comitante
834 2026 951 2093 senatu,

248 2103 391 2168 Officium
403 2102 511 2181 populi
525 2105 578 2164 vix
595 2105 717 2179 capient
718 2120 735 2163 e
705 2104 854 2166 t.dom0

204 2189 254 2248 Me
267 2189 455 2262 miserum,t
443 2187 533 2249 turba
548 2185 632 2264 quod
647 2203 709 2248 non
724 2204 783 2262 ego
798 2204 907 2249 cernar
921 2188 952 2246 in
968 2185 1027 2258 illa,

245 2271 309 2331 Nec
323 2277 468 2346 poterunt
481 2271 548 2332 istis
564 2271 678 2331 lumina
693 2277 799 2332 nostra
813 2272 887 2332 lluil

153 2361 187 2416 45
202 2353 371 2429 Quamlibet
384 2355 558 2429 absentem,
573 2371 635 2430 qua
648 2371 793 2431 possum,
809 2363 910 2416 menie
924 2353 1052 2414 videbo:

245 2438 386 2514 Aspiciet
401 2439 501 2499 vultus
517 2439 654 2514 consulis
669 2439 722 2500 illa
736 2440 795 2500 sui.

201 2519 239 2580 Di
254 2521 380 2594 l'aciant,
396 2521 498 2596 aliquo
514 2523 624 2583 subeat
637 2521 691 2582 libi
704 2530 843 2598 tempore
859 2526 999 2582 nostrum

242 2603 374 2681 Nomen,
390 2611 420 2666 el
434 2605 540 2667 ‘Heul’
557 2605 643 2666 dieas
661 2605 749 2681 ‘quid
764 2607 857 2668 miser
871 2606 921 2666 ille
936 2605 1037 2664 lacitl’

201 2685 285 2748 Hace
300 2695 351 2752 tua
365 2689 521 2767 pertulerit
535 2689 561 2749 si
577 2688 645 2765 quis
661 2687 733 2749 mihi
748 2691 858 2765 verba,
873 2687 993 2750 fatebor

150 2777 186 2831 ιο
240 2770 380 2834 Protinus
397 2772 520 2834 exilium
534 2774 656 2834 mollins
672 2788 744 2834 esse
757 2790 868 2835 meum.

147 2949 189 3064 ὅ.
241 2985 301 3046 ,ιιι
326 2983 514 3050 serrum
534 2987 787 3052 romerium.

204 3066 267 3173 lte,
285 3103 371 3164 leves
386 3102 478 3181 elegi,
496 3107 604 3168 doctas
619 3109 660 3169 ad
674 3107 812 3171 consulis
833 3123 933 3183 aures,

240 3148 405 3262 v’eruaque
418 3188 569 3252 honorato
584 3193 660 3254 lerte
674 3195 806 3268 legenda
820 3194 898 3256 viro

198 3272 305 3346 Longo
318 3270 369 3330 via
383 3279 439 3333 est.
469 3291 527 3334 nec
543 3292 601 3339 vos
616 3277 747 3374 pedibus
763 3277 932 3354 proceditis
948 3275 1074 3352 aequis

237 3353 391 3430 Tectaque
404 3353 534 3418 brumali
549 3361 606 3420 sub
618 3360 689 3424 nive
702 3367 785 3424 terra
798 3363 879 3424 latet.

173 3442 190 3494 5
205 3437 276 3497 Cum
291 3436 424 3514 gelidam
437 3438 574 3502 Thracen
589 3450 619 3506 et
634 3453 774 3522 opertum
789 3446 922 3509 nubibus
938 3407 1078 3506 Haemon
