2520 4012
164 203 187 264 r
230 177 232 183 ’
374 167 377 174 ’
500 287 514 302 κ
551 197 779 266 salsarum

269 350 410 436 'Carmina
424 372 481 416 nec
496 357 587 417 siccis
602 357 741 433 perlegat
755 355 814 416 ista
828 355 925 438 genis,

133 504 135 510 s
152 464 154 468 ·
226 439 263 500 Et
276 441 385 512 tacitus
400 455 519 516 secum,
541 457 580 501 ne
596 441 665 516 quis
679 441 777 500 malus
792 440 911 515 audiat,
928 445 1021 516 optet,

86 521 88 527 ’
178 532 214 587 50
270 523 316 585 Sil
329 539 398 585 mea
411 524 503 584 lenito
519 523 650 584 Caesare
663 538 765 600 poena
777 523 889 584 minore

229 605 292 668 Nos
310 623 444 684 quoque,
462 608 603 684 quisquis
619 607 683 681 erit,
699 622 738 666 ne
753 607 793 666 sit
807 609 901 667 miser
914 606 992 683 ipse,
1008 621 1182 683 precamur,

269 689 410 752 Placatos
425 691 605 765 misero-qui
619 690 702 750 volet
713 703 785 750 esse
800 691 888 752 deos.

230 772 375 850 Quaeque
390 775 486 848 volet,
501 781 568 834 rata
583 773 659 847 sint,
676 771 839 851 ablataque
853 773 1002 852 principis
1017 772 1063 834 ira

174 921 177 928 ,
273 855 405 920 Sedibus
419 857 449 916 in
463 857 570 933 patriis
585 855 637 918 det
650 857 723 918 mihi
737 873 835 934 posse
849 859 935 920 mori.

179 950 214 1004 55
228 939 272 1002 Ul·
281 957 414 1017 peragas
428 941 586 1016 mandata,
601 940 693 1015 liber‚¹
710 941 876 1019 culpabere
891 943 996 1004 forsan

272 1023 450 1099 Ingeniique
465 1025 564 1084 minor
577 1026 669 1085 laude
683 1025 782 1085 lerere
797 1025 867 1085 mei.

89 1172 94 1180 ,
229 1106 341 1168 Iudicis
358 1107 494 1168 cilicium
509 1113 556 1168 est
571 1115 681 1181 utres,
697 1109 740 1168 ita
753 1115 893 1186 tempora
906 1125 1008 1170 rerum

115 1213 117 1217 ·
231 1263 234 1272 Α
272 1191 433 1264 Quaerere.
470 1191 609 1267 quaesito
625 1198 856 1269 temporetutus
871 1193 943 1252 eris.

230 1273 370 1333 Carmina
384 1274 568 1350 proveniunt
581 1274 682 1335 animo
698 1275 830 1338 deducta
844 1290 972 1336 serenos

16 1360 21 1365 ’
125 1375 127 1380 ’
181 1365 216 1419 40
271 1357 380 1418 Nubila
395 1355 465 1418 sunt
479 1357 587 1419 subitis
602 1365 740 1435 tempora
755 1359 970 1428 nostremalis.

232 1439 371 1500 carmina
386 1456 545 1502 secessum
560 1441 721 1503 scribentis
737 1451 768 1503 et
783 1443 846 1504 otia
861 1448 1022 1518 quaer-unte

269 1523 320 1583 Me
332 1541 431 1600 mare,
447 1541 496 1586 me
510 1526 607 1600 venti,
622 1541 671 1586 me
686 1527 752 1588 iera
766 1527 856 1588 iactat
870 1526 978 1586 hiems.

232 1607 419 1669 Carminibus
434 1615 532 1671 metus
548 1610 647 1670 amnis
662 1610 760 1670 obest.
796 1625 854 1685 ego
870 1609 1006 1686 perditus
1022 1621 1127 1670 ensem

104 1773 107 1778 Ι
272 1691 445 1754 Haesurum
456 1693 561 1770 iugulo
572 1694 634 1752 iam
648 1701 722 1770 puto
737 1695 860 1770 iamque
873 1709 953 1754 meo.
1242 1690 1243 1748 l

113 1774 118 1782 “
180 1783 214 1837 45
228 1776 312 1836 Haec
327 1792 454 1853 quoque
468 1778 552 1854 quod
566 1778 663 1852 sacia,
683 1777 776 1840 iudex
787 1777 944 1837 mirabitur
954 1792 1082 1852 aequus,

274 1857 457 1936 Scriptaque
471 1878 540 1922 cum
554 1862 646 1922 venia
661 1862 896 1938 qualiacumque
910 1861 999 1936 leget.

229 1942 276 2010 Da
289 1943 362 2002 milri
376 1943 558 2006 Maeoniden
575 1953 604 2006 et
617 1952 663 2007 tot
676 1946 877 2021 circumspice
891 1958 992 2019 casus,
1099 1975 1100 1978 =
1139 1975 1183 1989 -

181 2062 184 2068 -
206 2099 207 2106 ἵ
274 2027 431 2102 ingenium
445 2029 536 2092 tantis
552 2030 675 2090 excidet
690 2045 780 2091 omne
793 2029 892 2090 malis.

17 2181 27 2200 r
231 2109 369 2186 Denique
381 2128 508 2174 securus
523 2115 635 2190 lamae,
650 2114 741 2189 liber,
757 2115 802 2173 ire
816 2120 977 2186 momenta,

90 2261 93 2265 ,
181 2203 215 2255 5ο
271 2193 333 2253 Nec
344 2194 398 2254 tibi
413 2197 452 2256 sit
464 2197 544 2258 lecta
559 2197 756 2274 displicuisse
768 2197 877 2274 pudor.

230 2276 296 2336 Non
311 2277 352 2337 ita
365 2280 501 2341 sanabis
516 2281 642 2358 praebet
655 2283 776 2342 fortuna
789 2278 965 2350 secundam,

272 2363 311 2424 Ut
325 2362 378 2424 tibi
394 2364 434 2424 sit
447 2365 524 2426 ralia
540 2365 642 2424 laudis
657 2362 801 2424 habenda
814 2369 894 2422 tuae.

230 2448 336 2507 Donec
352 2463 435 2508 eram
450 2462 579 2523 sospeS,
596 2447 671 2508 tituli
686 2445 834 2522 tangebar
848 2459 962 2517 amore,

200 2573 202 2578 ·
267 2529 507 2608 ¹Quaerendique
521 2531 594 2591 mihi
609 2530 741 2590 nominis
756 2530 848 2590 ardor
862 2535 936 2588 erat.

182 2624 215 2676 55
225 2613 371 2686 'Carmina
385 2629 465 2675 nunc
481 2613 507 2674 si
523 2631 583 2676 non
600 2614 812 2688 studiumque,
829 2612 913 2686 quod
928 2609 1040 2686 obluit,
1057 2609 1117 2684 odi,

273 2695 318 2759 Sit
333 2699 418 2759 satis.
452 2698 575 2774 ingenio
590 2699 635 2758 sic
650 2697 722 2770 luga
737 2703 824 2771 partu
837 2711 917 2755 meo.
1089 2775 1091 2780 ι

229 2781 242 2840 Ι
258 2789 357 2844 tamen
372 2788 403 2841 et
416 2798 473 2856 pro
488 2797 537 2841 me
552 2788 598 2855 tu,
614 2780 762 2852 cuilibet,
778 2779 883 2854 aspice
897 2779 1039 2838 Romame

271 2865 307 2925 Di
325 2865 475 2938 iacerent,
491 2879 616 2939 possem
631 2877 712 2925 nunc
727 2877 813 2922 meus
830 2875 901 2920 5555
915 2857 1001 2919 liber.
1089 2888 1092 2892 ι

230 2949 293 3008 Ν55
307 2953 349 3021 te,
367 2947 451 3023 quod
466 2947 573 3009 venias
588 2962 727 3021 magnam
741 2943 921 3021 peregrinus
935 2944 966 3004 in
979 2941 1103 3015 Urbem,

181 3039 218 3096 50
271 3033 410 3108 Ignotum
424 3031 541 3107 populo
553 3045 648 3106 posse
662 3029 766 3090 venire
780 3034 863 3104 puta.
964 3075 969 3082 ,

232 3117 270 3180 Ut
284 3114 369 3175 titulo
385 3129 506 3188 careas,
523 3115 592 3191 ipso
607 3128 736 3174 noscere
750 3113 865 3172 colare.

274 3197 475 3260 Dissimulare
488 3199 582 3274 velis,
597 3205 627 3259 te
641 3197 736 3272 liquet
747 3211 819 3256 5555
833 3209 943 3255 meum.

234 3284 316 3344 Clam
331 3290 432 3342 lamen
447 3284 573 3355 intrato,
589 3289 673 3359 nete
687 3296 756 3341 mea
770 3278 906 3340 cannina
919 3276 1056 3336 laedenti

199 3410 201 3415 ·
273 3367 341 3427 Ncn
356 3374 427 3428 sunt
439 3373 473 3428 ut
488 3367 642 3443 quondam
657 3365 748 3442 plena
762 3363 878 3424 lavaris
894 3367 988 3422 erant.

184 3460 218 3514 55
234 3450 265 3513 Si
283 3451 351 3528 quis
367 3452 437 3527 erit,
456 3451 567 3528 quite,
585 3452 656 3526 quia
671 3449 714 3510 sis
728 3463 831 3526 meus,
849 3461 921 3510 esse
935 3441 1097 3520 legendum
