2454 4004
153 237 244 326 ,010
472 215 474 220 ’
561 257 816 322 01010000

238 453 241 456 -
307 415 392 474 Haec
407 419 493 488 aetas
508 409 620 470 bellum
635 413 760 486 suadet,
779 411 872 472 atille
885 411 972 488 gerit.
1052 458 1053 462 ,

210 515 214 522 ·
265 497 318 558 ‘Sic
334 493 452 567 statuit,
470 509 658 568 mensesque
672 502 745 554 ncta
763 497 894 555 secrevit
909 495 1029 564 eadem.

308 581 413 640 lunius
429 584 477 638 est
490 579 643 638 iuvenum.
673 579 724 652 qui
742 579 798 639 luit
812 587 897 652 ante,
914 583 1047 640 senum!

266 665 357 724 Dixit.
387 669 416 721 et
430 662 462 726 in
476 660 559 722 litem
576 659 678 721 studio
694 663 865 722 certaminis
880 663 986 734 issent,
1058 695 1061 699 ·

82 745 85 750 ·
172 763 174 767 ·
212 751 252 817 ‘90
306 749 408 822 Atque
424 745 469 804 ira
482 745 581 820 pietas
598 745 789 805 dissimulata
808 747 916 805 soret...

265 831 357 892 Venit
371 828 534 904 Apollinea
547 829 656 902 longas
673 827 845 889 Concordia
857 830 943 888 lauro

308 914 394 991 Nexa
415 927 536 984 comas,
552 907 666 986 placidi
681 926 792 971 numen
807 926 950 986 opusque
966 911 1065 969 ducis

264 997 350 1056 Haec
364 994 415 1055 ubl
430 995 563 1055 narravit
576 993 691 1054 Talium
707 996 877 1072 fortemque
891 993 1046 1068 Quirinum

308 1079 446 1153 Binaque
462 1093 530 1137 cum
546 1079 668 1153 populis
682 1093 778 1153 regna
792 1079 895 1138 coisse
909 1079 986 1152 suis,

213 1172 247 1231 95
261 1161 298 1223 Et
312 1164 376 1221 lare
390 1162 542 1222 communi
557 1177 685 1222 soceros
701 1176 896 1237 generosque
910 1167 1063 1234 receptos,

309 1245 377 1304 ‘His
396 1260 506 1304 nomen
525 1245 635 1304 iunctis
651 1243 767 1320 Iunius³
787 1245 884 1320 inquit
899 1244 1025 1304 ‘habet'

266 1331 353 1390 Dicta
368 1329 479 1402 triplex
494 1343 588 1387 causa
603 1335 659 1389 est.
683 1329 729 1388 nt
744 1344 800 1388 vos
816 1328 981 1403 ignoscite,
998 1327 1105 1386 divae:

227 1427 231 1432 ·
308 1413 371 1474 Res
390 1417 438 1472 cst
451 1409 574 1471 arbitrio
589 1427 651 1472 non
667 1410 836 1472 dirimenda
850 1426 929 1471 meo.

266 1497 311 1558 lle
332 1511 422 1571 pares
438 1511 457 1554 a
471 1510 528 1554 me.
557 1495 829 1571 perieruntiudice
845 1496 960 1556 formae
1050 1547 1053 1550 ,

203 1589 253 1644 100
310 1579 466 1654 Pergama.
496 1579 566 1654 plus
581 1579 719 1654 laedunt,
735 1585 828 1654 quam
844 1579 927 1638 iuvet
945 1593 1020 1650 una,
1037 1577 1124 1636 (1000.

522 1709 863 1790 1.[n·x·1vn·]n
922 1703 929 1784 f
1004 1721 1007 1726 ·

266 1831 366 1908 Prima
380 1831 446 1890 dies
462 1829 529 1904 tibi,
548 1831 661 1903 carna,
677 1831 773 1890 datur.
802 1830 868 1889 Dea
882 1829 1014 1888 cardinis
1031 1828 1106 1888 haec
1120 1833 1165 1886 est.

309 1915 438 1974 Numine
453 1915 558 1974 clausa
573 1913 684 1989 aperit,
701 1913 813 1974 claudit
829 1921 934 1989 aperta
949 1928 1016 1973 suo.
1076 1985 1078 1994 y

266 1997 355 2060 Unde
371 1999 458 2058 datas
476 1998 588 2058 habeat
603 1998 699 2072 vires,
716 1996 877 2060 obscurior
890 2013 969 2058 aevo

308 2082 411 2143 Fama.
441 2082 496 2142 sed
513 2099 529 2140 0
545 2089 651 2142 nostro
667 2082 802 2142 carmine
817 2087 918 2142 certus
934 2081 1006 2140 eris.
1045 2109 1052 2120 ι

204 2173 254 2230 100
268 2166 399 2227 Adiacet
413 2168 556 2240 antiquus
571 2165 711 2224 Tiberino
727 2165 815 2226 lucus
831 2165 969 2224 Helernis

308 2249 471 2309 Pontifices
486 2249 557 2310 illuc
571 2265 651 2308 nunc
667 2264 894 2323 quoquesacra
909 2249 1017 2308 lerunt.

268 2334 342 2393 inde
361 2338 491 2394 sataest
503 2331 669 2410 nymphe...
687 2332 822 2392 Cranaen
838 2332 944 2392 dixere
958 2331 1108 2406 priores...

310 2417 615 2492 Nequiquammultls
633 2431 728 2491 saepe
743 2417 837 2491 petita
851 2415 963 2491 procis.
989 2451 990 2454 =
1011 2475 1013 2479 ,

265 2501 349 2561 Rura
363 2499 465 2574 sequi,
486 2499 657 2574 iaculisque
671 2501 753 2559 seras
769 2501 882 2574 agitare
897 2499 1024 2570 solebat,

204 2593 255 2650 110
311 2584 517 2658 Nodosasque
531 2598 608 2642 aava
626 2583 752 2642 tendere
769 2584 846 2643 valle
860 2583 978 2658 plagas.

266 2668 333 2727 Non
347 2666 453 2726 habuit
466 2666 653 2742 pharetram:
682 2667 797 2727 Phoebi
812 2673 999 2726 lamanasse
1015 2679 1147 2726 sororem

310 2750 490 2811 Credebant.
519 2766 576 2810 nec
592 2758 671 2826 erat,
687 2749 825 2823 Phoebe,
843 2751 991 2826 pudenda
1004 2749 1068 2810 tibi.

264 2835 343 2895 Huic
357 2835 467 2909 aliquis
482 2833 625 2895 iuvenum
639 2835 768 2895 dixisset
780 2835 913 2895 amantia
927 2833 1031 2905 verba,

306 2918 469 2979 Reddebat
483 2919 560 2979 tales
577 2919 714 2994 protinus
730 2919 781 2978 illa
796 2934 907 2980 sunus:
931 2936 934 2941 ·
979 2917 987 2931 ’

204 3012 253 3065 115
268 3001 365 3062 ‘Haec
382 3002 451 3062 loca
465 3003 542 3062 lucis
558 3001 670 3062 habent
684 3002 788 3074 nimis,
805 3009 834 3062 et
851 3018 920 3066 cum
935 3003 1003 3082 luce
1020 2997 1151 3075 pudoris.

310 3083 344 3144 Si
358 3092 477 3145 secreta
487 3087 585 3161 magis
601 3087 687 3146 ducis
702 3085 733 3148 in
747 3093 848 3161 antra,
864 3089 1003 3160 sequor?

181 3221 186 3228 .
267 3168 414 3228 credulus
430 3170 608 3244 autemid,
624 3169 748 3230 frutices
764 3169 842 3230 haec
859 3175 948 3229 nacla
962 3167 1086 3240 resistit

307 3251 347 3312 Et
362 3253 448 3327 latet,
464 3259 494 3312 01
512 3253 594 3315 nullo
610 3260 657 3314 est
670 3253 856 3314 invenienda
870 3253 975 3312 modo.

264 3335 393 3396 Viderat
405 3337 484 3396 hanc
498 3337 600 3398 Ianus.
631 3338 777 3414 visaeque
792 3336 936 3412 cupidine
952 3342 1063 3410 captus

204 3428 254 3480 110
308 3419 358 3478 Ad
374 3419 481 3480 duram
495 3419 598 3480 verbis
612 3421 754 3482 mollibus
768 3437 844 3482 usus
861 3427 935 3480 erat.
974 3441 975 3444 ¹

265 3499 408 3579 Nympha
422 3501 506 3572 iubet
520 3504 626 3576 quaeri
641 3505 680 3567 de
695 3520 780 3566 more
794 3504 944 3564 remotius*
957 3509 1088 3575 antrum,
