2520 4012
128 247 174 311 ol
529 245 757 308 TRlSTlUM

217 401 290 462 Cum
307 401 418 462 cecidit
433 400 593 476 Capaneus
609 398 710 460 subito
724 397 903 458 temerarius
918 395 989 472 ictu,

258 486 325 544 Non
341 485 417 559 legis
432 484 581 544 Euadnen
597 482 758 542 erubuisse
773 481 850 540 viro.

171 573 204 630 ot
217 569 279 628 Nec
295 569 365 644 quia
380 585 435 628 rex
450 568 554 627 mundi
570 567 761 640 compescuit
779 564 901 640 ignibus
915 563 1012 639 ignes,
1095 594 1100 604 ·

254 653 326 728 lpse
341 653 406 713 suis
420 651 576 710 Phaethon
591 649 768 709 infitiandus
783 655 856 707 erat.

213 735 276 796 Nec
292 737 412 796 Semele
428 735 541 794 Cadmo
557 734 638 793 iacta
651 739 699 792 est
713 732 812 791 aliena
827 731 955 808 parenti,

255 821 342 892 Quod
358 818 500 895 precibus
516 815 604 892 periit
618 816 779 876 ambitiosa
794 815 869 875 suis.
1023 865 1024 868 ,

214 901 275 962 Nec
290 903 351 974 tibi,
376 901 460 976 quod
476 899 578 960 saevis
593 916 651 975 ego
668 916 735 961 sum
749 899 832 960 Iovis
848 898 969 974 ignibus
982 901 1072 976 ictus,
1117 963 1119 965 ,

166 994 204 1052 ⁰10
254 985 427 1060 Purpureus
443 983 524 1043 molli
539 984 593 1044 liat
607 984 707 1062 inore
721 983 823 1044 rubor.
929 981 931 993 ‘

213 1067 275 1128 Sed
290 1069 387 1143 magis
402 1069 433 1128 in
449 1083 552 1127 cruam
567 1069 664 1128 nostri
680 1081 833 1142 consurge
847 1067 960 1140 tuendi,

166 1150 170 1162 ‘
251 1153 494 1228 Exemplumque
507 1151 580 1210 mihi
596 1152 735 1226 coniugis
751 1158 817 1212 esto
831 1151 941 1224 bonae,

211 1235 431 1312 Materiemque
444 1235 504 1296 tuis
519 1237 634 1296 tristem
649 1235 810 1297 virtutibus
825 1235 934 1310 imple=

251 1320 358 1380 Ardua
372 1337 429 1396 per
443 1335 593 1396 praeceps
609 1320 707 1394 gloria
721 1319 815 1382 vadat
829 1320 893 1378 iter.

164 1403 342 1464 tellectum
358 1405 426 1480 quis
441 1410 557 1477 nosset,
578 1404 605 1465 si
621 1405 692 1463 felix
706 1403 798 1463 Troia
813 1403 941 1464 luissett

249 1487 373 1548 Publica
386 1489 503 1548 vinulis
520 1503 575 1562 per
588 1488 668 1547 mala
683 1487 763 1547 laeta
776 1487 828 1546 via
842 1493 898 1547 est.

209 1572 270 1630 Ars
285 1578 345 1643 tua,
367 1572 476 1649 Tiphy,
498 1572 585 1647 iacet,
609 1573 636 1632 si
651 1587 711 1632 non
728 1571 812 1632 sitin
827 1585 963 1646 aequore
976 1568 1106 1631 lluctusa

253 1653 590 1729 &valentianinus
612 1672 662 1716 ars
677 1663 737 1729 tua,
760 1654 891 1727 Phoebe,
914 1660 1012 1715 vacat.

211 1738 294 1812 Quae
308 1740 380 1799 latet
394 1741 486 1814 inque
503 1739 593 1800 bonis
609 1745 711 1820 cessat
726 1755 788 1798 non
804 1738 924 1813 cognita
938 1737 1041 1814 rebus,

160 1829 198 1886 80
246 1823 384 1897 Apparet
399 1823 494 1884 virtus
510 1823 704 1898 arguiturque
718 1823 816 1882 malis

208 1905 267 1966 Dat
282 1905 334 1965 tibi
348 1913 453 1966 nostra
467 1907 568 1967 locum
583 1908 658 1968 tituli
673 1908 802 1980 fortuna,
824 1912 977 1981 caputque

150 1991 152 1996 '
253 1990 458 2066 conspicuum
473 1991 571 2067 pietas
587 2009 647 2068 qua
662 1998 713 2051 tua
727 1990 821 2063 tollat,
844 1989 944 2049 habet.

208 2075 300 2136 Utere
315 2074 514 2150 temporibus,
539 2092 668 2150 quorum
682 2090 763 2134 nunc
778 2089 903 2135 munere
918 2073 986 2133 trita
1001 2079 1048 2134 est

247 2159 285 2219 Et
298 2163 382 2232 patet
396 2159 426 2216 in
441 2157 548 2219 laudes
564 2175 636 2220 area
650 2159 711 2219 lata
724 2165 808 2219 tuas!

146 2291 190 2384 4·
207 2289 237 2385 θ
253 2327 313 2402 qui,
336 2328 510 2390 nominibus
525 2343 594 2390 cum
609 2328 652 2388 sis
668 2334 837 2404 generosus
852 2345 988 2404 avorum,

204 2447 211 2454 2
248 2407 427 2487 Exsuperas
442 2428 559 2472 morum
574 2412 729 2473 nobilitate
744 2428 857 2488 genus:

209 2491 300 2553 Cuius
316 2494 395 2555 inest
409 2497 509 2555 animo
525 2497 615 2572 patrii
631 2497 774 2556 candoris
789 2497 899 2571 imago,

249 2575 315 2636 Non
331 2586 433 2638 careat
446 2580 579 2640 numeris
595 2581 712 2640 candor
725 2586 757 2639 ut
770 2580 828 2641 iste
843 2581 922 2641 suis:

177 2660 297 2722 aculus
313 2661 342 2721 in
358 2663 479 2738 ingenio
495 2670 543 2724 est
556 2664 673 2739 patriae
688 2663 830 2724 facundia
843 2664 972 2740 linguae,

179 2743 874 2820 'Ommmmmfflmmz

206 2827 294 2900 Quod
309 2830 429 2890 minime
445 2831 538 2904 volui,
558 2831 667 2906 positis
682 2847 737 2906 pro
753 2832 875 2891 nomine
890 2831 985 2908 signis

245 2911 351 2972 Dictus
367 2929 411 2972 es.
444 2913 588 2988 ignoscas
602 2913 745 2976 laudibus
761 2915 829 2990 ipse
843 2915 913 2975 tuis.
1048 2978 1051 2983 ,

204 2993 252 3052 Nil
266 3010 324 3068 ego
339 2997 476 3068 peccavi.
512 3004 563 3057 tua
578 3005 608 3058 le
621 2998 703 3058 bona
719 2999 840 3074 cognita
852 3000 994 3074 produnt.

160 3089 196 3141 10
247 3075 279 3136 Si
295 3079 379 3153 quod
393 3095 436 3151 es,
460 3097 601 3157 appares,
624 3083 715 3158 culpa
730 3083 830 3144 soluta
844 3099 912 3143 mea
927 3091 983 3146 est.

186 3159 265 3220 rNec
280 3166 380 3221 tamen
395 3163 528 3224 olfieium
544 3173 649 3226 nostro
666 3165 718 3226 tibi
734 3167 868 3227 carmine
882 3167 993 3229 lactum

243 3244 383 3320 Principe
397 3253 457 3308 tam
471 3251 550 3309 iusto
566 3265 662 3324 posse
677 3266 789 3311 nocere
806 3258 889 3327 puto.

198 3329 270 3402 lpse
284 3336 370 3402 pater
382 3333 534 3406 patriae...
552 3334 626 3408 quid
641 3335 719 3394 enirn
736 3335 855 3396 civilius
870 3335 980 3398 illut...

150 3427 155 3432 ·
242 3411 378 3472 Sustinet
392 3415 422 3472 in
436 3423 541 3477 nostro
557 3419 690 3478 carmine
704 3433 800 3495 saepe
814 3419 885 3496 legi.

155 3502 194 3556 ,16
204 3494 266 3554 Nec
282 3496 444 3569 prohibere
458 3506 567 3576 potest,
592 3502 728 3576 quiores
743 3509 791 3564 est
804 3503 928 3579 publica
943 3505 1067 3580 Caesar,
1106 3561 1108 3566 .
