2524 4004
473 200 532 277 iv,
553 199 591 276 4,
612 198 731 276 ar-u
754 203 805 264 43.
887 162 889 164 ¹

255 353 294 414 Et
307 352 401 412 maris
416 351 494 413 Ionii
507 354 688 414 transieritis
705 371 814 430 aquas,
915 339 917 342 ⁵

213 439 298 500 Luae
312 435 414 498 minus
429 436 548 496 deeima
564 436 718 496 dominam
731 439 883 502 venietis
876 457 905 500 nr
920 440 1099 518 Urbem,

254 519 295 581 Ut
309 519 485 581 festinatum
498 533 560 578 non
574 519 715 580 faciatis
708 528 773 579 ner
885 579 888 585 ,

213 603 355 666 Protinus
370 602 443 663 inde
457 603 567 663 domus
582 603 673 664 vobis
686 599 832 678 Pompeia
845 613 928 681 petat
930 624 973 666 ur.

165 692 200 746 10
254 687 322 748 Non
338 693 385 746 est
398 687 539 762 Augusto
554 685 685 746 iunctior
698 687 761 746 uita
774 687 852 748 foro.

215 769 335 845 Siquis,
351 777 384 830 ut
398 769 429 828 in
443 768 576 844 populo,
593 768 644 843 qui
659 769 741 842 sitis,
759 775 788 829 et
803 771 898 847 unde,
914 775 1066 850 ιἰιιιιιίιιιῑ,Ἰ

256 853 386 913 Nomina
400 851 532 927 decepta
547 851 789 926 quaelibetaure
803 855 888 918 terat.
942 919 945 923 ,

215 937 257 998 Ut
269 937 309 996 sit
321 936 402 996 enirn
415 942 525 1008 tutum,
543 935 621 995 sieut
634 951 705 995 reor
719 951 804 1011 esse,
820 939 916 1015 fateri,

257 1018 362 1080 Verba
375 1019 477 1081 minus
493 1023 575 1079 eerte
589 1016 661 1080 fleta
675 1019 791 1080 timoris
806 1020 944 1093 habent,

168 1112 201 1166 15
217 1103 312 1178 copia
325 1116 383 1163 nee
397 1103 487 1164 vobis
505 1102 568 1164 uilo
582 1099 764 1176 prohibente
778 1103 904 1182 uidendi

217 1231 220 1237 -
258 1185 416 1260 consuis,
431 1193 464 1248 ut
477 1185 569 1246 limen
584 1185 786 1260 contigeritis,
803 1186 867 1249 erit

216 1273 277 1331 Aut
290 1277 377 1344 reget
390 1270 441 1330 itte
456 1285 532 1332 suos
544 1268 676 1330 dicendo
691 1269 758 1332 iura
773 1267 914 1343 Quirites,

240 1403 243 1407 .
258 1354 464 1430 conspicuum
478 1352 575 1429 signis
590 1367 659 1414 eum
674 1357 792 1427 premet
807 1352 885 1416 attus
897 1353 988 1414 eburi

215 1441 278 1500 Aut
291 1437 398 1534 populi
412 1435 492 1498 redit
480 1443 529 1497 tus
544 1434 677 1530 positam
693 1441 857 1510 componet
870 1435 912 1498 od
925 1436 1053 1514 hastam,

164 1533 199 1588 to
252 1520 291 1582 nt
303 1521 398 1581 minui
411 1535 541 1596 magnae
555 1534 617 1580 non
633 1518 712 1581 sinet
725 1517 817 1582 Urbis
832 1535 926 1596 opes·

214 1605 327 1678 Aut,u
327 1610 441 1666 terunt
455 1603 582 1680 putres
574 1618 605 1664 ιιι
618 1601 694 1666 Iulia
707 1602 820 1678 templu
833 1604 945 1680 vorati,

254 1688 301 1748 Ite
315 1694 398 1748 tanto
414 1687 527 1764 dignis
533 1686 660 1747 eonsule
674 1685 767 1746 rebus
785 1694 868 1761 aget

214 1773 278 1832 Aut
292 1770 367 1830 ieret
379 1771 521 1846 Augusto
537 1770 657 1832 solitam
671 1776 806 1844 natoque
821 1770 958 1842 salutem,
1041 1837 1042 1840 Ἴ

255 1855 363 1930 Deque
376 1869 486 1929 parum
500 1861 574 1919 noto
587 1854 727 1914 consulet
742 1853 880 1917 officio.

164 1939 199 1998 it
213 1937 347 2013 Tempus
365 1938 403 1997 ab
417 1938 467 2000 his
480 1951 611 2004 vacuum
626 1919 739 1998 Caesar
754 1935 954 2015 Germanicus
970 1923 1060 1996 omne

255 2019 392 2082 Auferet.
420 2021 573 2096 amagrns
588 2019 671 2081 huno
686 2021 757 2083 coiit
771 2020 823 2082 ille
837 2019 915 2080 deis.
1021 2051 1022 2056 κ
1079 2061 1083 2068 .

216 2104 290 2166 Cum
304 2109 406 2164 tumen
420 2120 439 2164 a
452 2103 541 2168 turba
555 2119 657 2165 rernm
670 2101 855 2178 requieverit
868 2101 985 2177 harum,
1079 2103 1082 2108 '

255 2188 307 2250 Ad
320 2201 380 2248 vos
394 2194 571 2249 mansuetas
586 2186 722 2262 porriget
735 2186 787 2246 ille
805 2201 929 2246 marusa

217 2269 359 2346 Quidque
372 2286 485 2346 parens
497 2281 559 2344 *ego
574 2274 678 2330 vester
691 2283 794 2345 agam,
809 2270 942 2331 tortasse
955 2268 1099 2344 requiret.

164 2365 201 2420 ao
256 2353 340 2414 Talia
353 2368 413 2424 vos
426 2353 469 2416 illi
483 2352 614 2414 reddere
627 2350 723 2413 verba
736 2352 843 2412 velirn=

217 2436 315 2496 ‘Vivit
331 2435 433 2499 adhue
446 2437 605 2512 vitamque
616 2435 671 2496 tibi
686 2433 800 2498 debere
814 2436 932 2507 tutetur,

257 2519 354 2597 Quam
368 2520 455 2595 prius
471 2519 566 2586 amitt
581 2520 713 2603 Caesare
727 2533 838 2590 munus
853 2515 961 2594 habet:
998 2571 1000 2576 ,

215 2601 257 2662 Te
273 2601 346 2676 sibi,
354 2617 431 2666 eum
446 2604 579 2678 ingeret,
593 2599 720 2663 memori
736 2601 815 2662 solet
829 2613 883 2658 ore
897 2599 1011 2660 reterre

204 2685 516 2752 Barberraetutas
531 2684 804 2756 exhibuissemus
1081 2680 1085 2684 ’

164 2775 200 2832 35
215 2767 371 2844 Sanguine
384 2769 555 2832 Bistonium
570 2768 654 2844 quod
668 2782 730 2828 non
744 2763 922 2844 tepefecerit
936 2776 1050 2838 ensem,
1130 2791 1132 2794 ·

255 2851 406 2915 Effectum
421 2869 494 2917 eura
509 2853 644 2928 pectoris
659 2865 730 2912 esse
744 2851 803 2910 tui.

215 2934 331 2995 Addita
346 2943 508 3011 praeterea
517 2937 599 3001 uitae
615 2949 740 3011 quoque
753 2928 993 3016 multatuendae

237 3021 240 3024 “
255 3017 399 3095 Munera,
414 3035 453 3080 ne
467 3021 609 3096 proprias
626 3022 795 3078 attenuaret
809 3028 897 3092 opes.
941 3059 942 3062 ι

166 3151 168 3158 .
215 3099 274 3161 Ριο
291 3101 402 3175 quibus
416 3109 449 3164 ut
461 3103 576 3162 meritis
591 3103 740 3162 reseratur
753 3100 863 3174 gratia,
880 3096 958 3158 iurat

165 3187 202 3242 40
257 3183 298 3244 Se
313 3185 379 3246 iore
393 3185 546 3263 maneipio
561 3193 681 3262 tempus
696 3185 728 3245 in
739 3198 829 3264 omne
844 3190 938 3242 tuum.

213 3265 290 3328 Num
307 3269 395 3343 prius
408 3269 556 3338 umbrosa
570 3268 718 3329 carituros
734 3267 844 3328 arbore
857 3269 986 3336 montes,
1043 3303 1044 3306 ,

254 3349 293 3410 Et
306 3351 383 3415 irata
396 3354 547 3415 velivolas
561 3367 623 3414 non
637 3351 777 3412 habitura
790 3357 881 3422 rates,

212 3431 415 3511 Fluminaque
430 3437 461 3497 in
476 3438 577 3498 tontes
592 3451 684 3512 eursu
697 3433 834 3516 reditura
849 3429 970 3506 supino,
