2454 4004
146 154 208 228 326
527 159 784 222 FASTORUM

229 317 332 390 Atque
346 315 461 377 utinam
475 325 598 386 pugnae
612 315 716 387 pateat
729 313 831 372 locust
854 327 939 373 arma
954 321 1146 393 capessant,

269 399 316 472 Et,
332 397 359 458 si
375 413 436 458 non
453 401 598 471 poterunt
611 411 817 470 exsuperare,
835 397 956 458 radant.

229 483 315 542 Nunc
330 482 439 557 inopes
458 479 757 554 victus,ignavaque
772 479 835 539 lato
848 480 991 544 timentes

271 565 375 625 Monte
390 580 448 625 suo
463 564 587 625 clausos
606 562 738 622 barbara
751 562 840 622 turba
855 566 987 638 premit!

164 661 216 716 375
230 651 314 711 Tunc
328 650 451 724 Venus,
467 655 497 707 et
511 649 585 708 lituo
601 645 729 722 pulcher
743 645 912 722 trabeaque
928 648 1087 726 Quirinus,

272 735 431 807 Vestaque
444 748 502 808 pro
516 731 602 792 Latio
618 731 712 792 rnulta
726 731 830 792 locuta
844 747 904 792 suo
917 744 975 797 est.

231 817 379 878 ‘Publica'
394 815 556 891 respondit
569 818 656 876 ‘cura
670 821 717 874 est
731 831 788 890 pro
804 816 966 879 moenibus
981 818 1079 890 istis‚’

273 899 411 977 luppiter
429 905 473 960 ‘et
486 913 605 976 poenas
621 898 717 960 Gallia
732 899 813 959 victa
821 898 920 960 dabit.
1022 913 1025 916 ·
1098 913 1103 920 ·

231 987 276 1046 Tu
289 984 383 1048 modo
399 1000 479 1059 quae
494 985 606 1044 desunt
618 983 732 1057 fruges
755 998 922 1058 superesse
939 991 1098 1062 putentur,

165 1082 218 1138 380
273 1069 386 1144 Effice,
401 1084 459 1129 nec
474 1068 567 1128 sedes
582 1067 702 1141 desere,
717 1066 822 1142 Vesta,
838 1074 915 1129 toas.

232 1154 454 1230 Quodcumque
460 1159 508 1212 est
521 1151 642 1212 solidae
657 1153 779 1225 cereris,
797 1165 873 1212 cava
885 1153 1026 1214 machina
1038 1155 1168 1230 frangar,

272 1237 480 1312 Mollitarnque
496 1251 588 1296 manu
603 1235 691 1295 duret
705 1234 735 1294 in
750 1235 820 1310 igne
835 1236 947 1297 locus?

231 1323 374 1383 Iusserat.
404 1328 435 1381 et
448 1321 550 1380 fratris
565 1319 652 1394 virgo
669 1318 811 1380 Saturnio
825 1320 919 1382 iussis

272 1405 397 1467 Annuit.
427 1413 457 1466 et
471 1404 591 1465 mediae
604 1410 743 1479 tempora
758 1406 857 1466 noctis
872 1412 972 1466 arants

166 1500 217 1556 385
232 1491 295 1550 larn
309 1489 440 1550 ducibus
459 1505 601 1550 somnum
617 1488 745 1548 dederat
758 1489 854 1548 labor.
886 1491 1028 1566 Increpat
1041 1491 1116 1552 illos

276 1575 425 1651 luppiter,
441 1581 472 1633 et
486 1588 591 1647 sacro,
608 1573 683 1646 quid
697 1572 784 1644 velit,
802 1589 855 1633 ore
868 1573 973 1635 docet:

233 1658 381 1734 ‘surgite
398 1664 428 1718 et
443 1657 472 1718 in
487 1657 606 1718 medios
623 1657 662 1717 de
676 1657 802 1717 sumnus
817 1656 939 1720 arcibus
954 1660 1062 1720 hostes

275 1743 397 1818 Mittite,
414 1757 505 1818 quam
519 1741 642 1802 minime
657 1742 788 1818 perdere
801 1743 903 1819 vultis,
919 1749 1046 1820 opemt’

233 1827 366 1889 Somnus
381 1827 458 1902 abit,
475 1832 686 1902 quaeruntque
699 1827 789 1888 novis
804 1825 984 1903 ambagibus
999 1829 1067 1901 acti,

167 1923 220 1980 390
274 1912 405 1972 Perdere
422 1927 513 1986 quarn
526 1911 622 1972 nolint
637 1917 667 1971 ct
680 1909 840 1972 iubeantur
854 1927 954 1988 opem.

232 1995 312 2056 Esse
327 2011 414 2058 ceres
430 1996 498 2056 visa
511 2001 567 2056 est.
595 1995 709 2056 iaciunt
722 1993 850 2056 Cerialia
864 1997 961 2058 dona:

275 2081 358 2142 laeta
372 2095 466 2156 super
481 2080 587 2154 galeas
603 2086 751 2154 scutaque
765 2082 857 2155 longa
871 2087 993 2141 sonant.

232 2164 329 2226 Posse
344 2165 425 2225 lame
439 2165 520 2224 vinci
535 2179 609 2240 spes
625 2163 747 2224 excidit
775 2163 872 2226 Hoste
885 2165 1012 2239 repulso

276 2249 413 2309 Candida
432 2248 544 2310 Pistori
558 2249 682 2324 ponitur
696 2263 749 2308 ara
762 2247 837 2308 lovi.

167 2343 219 2400 395
234 2332 323 2392 Forte
336 2331 513 2394 revertebar
526 2333 613 2393 lestis
628 2331 805 2392 Vestalibus
818 2333 879 2409 illa,

275 2416 342 2490 Qua
355 2415 443 2477 Nova
455 2417 595 2476 Romano
611 2431 692 2476 nunc
704 2417 756 2476 via
769 2415 872 2478 iuncta
887 2417 954 2478 loro
969 2425 1026 2477 est:

233 2501 300 2560 Huc
315 2493 395 2574 pede
409 2505 580 2560 matronam
596 2501 659 2560 vidi
674 2501 864 2562 descendere
878 2503 979 2563 nudo:

278 2582 432 2659 Obstipui,
448 2584 557 2644 tacitus
574 2583 767 2660 sustinuique
781 2586 917 2660 gradum.

234 2667 337 2728 Sensit
350 2683 427 2728 anus
442 2668 545 2728 vicina
558 2667 633 2743 loci,
648 2669 829 2743 iussumque
844 2670 954 2730 sedere
1007 2703 1010 2719 «

164 2762 221 2816 400
275 2751 459 2826 Alloquitur,
484 2752 640 2828 quatiens,
663 2767 742 2812 voce
756 2759 911 2827 tremente,
931 2758 1039 2830 caput:

233 2837 321 2912 Ἠοο,
339 2835 393 2896 ubi
409 2851 489 2896 nuuc
504 2837 572 2898 sora
586 2842 672 2911 sunt,
689 2837 771 2897 udae
784 2844 909 2899 tenuere
923 2837 1074 2913 paludes=

273 2921 373 2981 Amne
386 2919 565 2982 redundatis
580 2921 668 2980 losse
681 2921 824 2983 madebat
838 2921 936 2999 aquis.

233 3005 353 3064 Curtius
367 3005 418 3064 ille
432 3006 528 3079 lacus,
546 3005 648 3066 sicoas
664 3005 716 3081 qui
733 3006 864 3068 sustinet
877 3021 957 3081 aras,

274 3087 360 3147 Nunc
375 3088 476 3149 solida
491 3094 540 3149 est
552 3089 658 3160 tellus,
677 3089 735 3150 sed
748 3090 836 3152 lacus
851 3095 920 3150 ante
935 3090 1001 3150 luit.

164 3179 219 3233 405
235 3169 299 3244 Qua
311 3170 447 3231 Velabra
463 3173 564 3233 solent
577 3172 608 3233 io
624 3173 743 3234 circum
758 3174 873 3234 ducere
887 3189 1031 3250 pompas.

274 3252 321 3312 Nil
335 3261 458 3328 praeter
472 3257 584 3317 salices
599 3271 752 3333 cassaque
767 3273 867 3319 canna
882 3257 945 3319 luit.

234 3336 335 3410 Saepe
350 3336 544 3400 suburbanas
557 3341 681 3401 rediens
697 3342 829 3402 conviva
843 3357 901 3417 per
911 3337 1016 3401 ‘undas

275 3418 395 3494 Cantat,
418 3423 502 3482 etad
517 3431 625 3484 nautas
642 3424 726 3486 ebria
740 3424 835 3486 verba
850 3425 930 3487 iacit.
