2520 4008
133 217 196 284 rco
278 309 280 315 A
446 157 450 206 ⁷
536 205 759 272 uxnouro

258 369 302 430 Tu
316 367 437 440 lacerae
451 376 591 423 remanes
608 361 743 425 anchora
757 362 825 432 sola
837 361 905 422 rati.

169 469 171 476 ’
219 453 310 515 Grata
323 455 374 511 tua
389 455 438 508 est
450 445 541 522 igitur
554 448 664 523 pietas.
697 445 885 521 ignoscimus
901 445 971 523 illis,

229 539 231 546 ’
259 531 317 607 Qui
331 547 400 592 oum
415 533 536 592 fortuna
549 537 636 606 terga
650 529 765 588 dedere
780 529 879 604 fugae.
1045 586 1048 589 .

112 674 113 677 ,
168 658 171 660 -
218 619 293 680 Cum
306 617 415 677 feriant
428 631 531 690 unum,
553 629 615 674 non
633 629 728 675 unum
741 612 867 674 fulmina
881 619 1004 689 terrent,

169 711 205 766 lo
258 703 425 777 Iunctaque
440 711 590 774 percusso
608 696 697 758 turba
711 711 826 772 pavore
842 697 932 760 solet.
951 717 971 770 j

134 788 137 794 “
217 787 353 861 Cumque
368 783 453 854 dedit
465 781 568 858 paries
585 787 731 843 venturae
745 781 836 856 signa
848 781 963 858 ruinae,

258 869 394 931 Sollicito
410 881 528 928 vacuus
542 865 576 926 fit
590 865 677 927 locus
692 864 743 924 ille
758 871 857 944 metu.
1041 869 1042 872 ’

117 1009 121 1016 .
216 956 289 1029 Quis
304 967 367 1013 non
381 967 400 1011 c
413 949 526 1010 timidis
542 949 625 1024 aegri
641 949 783 1024 contagia
798 949 880 1020 vitat,
973 1003 974 1009 ,

254 1037 397 1096 Vicinum
412 1039 550 1096 metuens
559 1049 606 1092 ne
620 1031 719 1093 nahai
732 1031 804 1092 inde
819 1033 952 1092 malurn?
1102 1103 1105 1108 ἱ

112 1131 114 1138 ’
167 1133 200 1185 15
215 1121 265 1183 Me
284 1133 407 1196 qnoque
422 1119 589 1180 amicorum
603 1117 696 1178 nimio
711 1123 828 1178 terrore
844 1121 997 1192 metuque,
1061 1181 1063 1184 ,

118 1199 122 1208 ’
257 1205 325 1265 lion
342 1204 414 1264 odio
431 1202 554 1278 qnidam
573 1201 738 1262 destituere
753 1200 823 1260 mei.
913 1207 914 1213 ’

216 1291 284 1351 Non
299 1289 359 1350 illis
375 1285 482 1364 pietas,
497 1301 566 1366 vuon
582 1284 725 1346 officiosa
738 1287 881 1347 voluntas

255 1372 366 1434 Defuit.
397 1371 550 1431 adversos
565 1369 733 1432 extimuere
749 1367 837 1430 deos.

95 1463 96 1466 ’
215 1459 316 1532 thue
331 1455 429 1530 magis
445 1454 524 1516 canti
539 1452 661 1530 possint
674 1452 833 1528 timidique
847 1451 954 1526 videri,

150 1553 202 1605 '20
222 1613 226 1617 Α
259 1541 309 1601 Sic
324 1539 473 1615 appellari
488 1538 705 1600 non'meruere
722 1537 804 1598 mali.
904 1600 907 1602 ,

215 1625 276 1686 Aut
290 1638 377 1685 meus
393 1629 522 1685 excusat
534 1637 625 1683 ¹caros
640 1623 681 1684 ita
695 1621 812 1682 candor
826 1623 951 1694 amicos,
1094 1661 1097 1664 -
1121 1648 1164 1666 -

256 1708 358 1784 thue
372 1707 504 1767 habeant
518 1704 621 1768 deme
636 1707 763 1768 crimina
778 1706 869 1779 nulla,
888 1703 981 1765 favet.
1112 1757 1137 1776 ,,

217 1792 283 1854 Sint
295 1792 327 1852 hi
342 1793 476 1854 conteuti
491 1791 591 1868 venia,
613 1790 800 1866 scierintque
814 1789 925 1862 licebit,
1040 1856 1042 1860 ,

256 1875 508 1950 Purgarifactum
523 1891 572 1935 me
588 1889 714 1950 qnoque
728 1881 807 1935 teste
822 1874 920 1935 suum.
1013 1881 1017 1884 ·

166 1971 203 2025 25
217 1961 291 2030 Pars
308 1959 382 2021 estis
397 1960 487 2037 pauci
502 1959 617 2035 melior,
634 1959 695 2034 qui
708 1959 802 2020 rebus
818 1959 848 2018 in
865 1959 938 2019 artis

133 2119 135 2124 s
257 2041 350 2104 Ferre
363 2044 437 2104 mihi
450 2045 564 2106 nudam
576 2049 667 2120 turpe
681 2043 812 2120 putastis
828 2045 928 2119 opem.

216 2131 300 2192 Tunc
316 2128 405 2202 igitur
422 2127 519 2189 meriti
535 2127 680 2188 morietur
695 2129 793 2203 gratia
806 2127 910 2200 vestri,

257 2211 332 2274 Orno
347 2213 423 2274 cinis
438 2214 601 2289 absumpto
618 2227 750 2288 corpore
765 2212 863 2274 factus
879 2224 943 2268 ero.
1035 2228 1039 2232 ²

159 2361 161 2366 ,
217 2295 326 2372 Fallat,
348 2297 443 2357 etilla
457 2312 545 2357 mccc
558 2295 717 2372 superabit
731 2297 872 2372 tempora
887 2293 977 2366 vitae,
1052 2320 1055 2325 ·
1130 2307 1136 2322 ·

166 2389 204 2444 30
256 2379 293 2449 ‚Si
309 2387 409 2440 tamen
424 2397 443 2440 a
458 2381 586 2442 memori
601 2379 888 2456 posteritatelegar.

218 2465 356 2538 corpora
371 2462 522 2526 debentur
536 2465 662 2526 maestis
681 2463 853 2540 exsanguia
868 2459 982 2523 bustis:

258 2545 414 2623 Effugiant
427 2555 559 2610 structos
574 2564 686 2612 nomen
700 2547 863 2625 honorque
877 2560 980 2620 rogos.

218 2629 334 2691 Occidit
348 2639 378 2692 et
392 2631 530 2694 Theseus
547 2640 576 2694 et
591 2633 643 2709 qui
657 2631 812 2694 comitavit
828 2630 970 2692 Oresten:

261 2714 324 2776 Sed
341 2716 488 2778 tamenin
503 2717 612 2777 laudes
628 2718 702 2778 vivit
716 2723 845 2792 uterque
860 2727 943 2774 suas.
1023 2767 1024 2770 ,

167 2809 203 2863 35
218 2800 285 2860 Vos
301 2801 392 2862 etiam
407 2801 470 2861 seri
483 2799 652 2862 laudabunt
666 2815 762 2876 saepe
775 2803 916 2874 nepotes,

177 2931 179 2936 .
262 2880 412 2959 Cinnaque
427 2885 483 2944 erit
499 2885 621 2960 scriptis
637 2885 736 2959 gloria
750 2890 854 2943 vestra
868 2880 955 2942 meis.

219 2966 276 3026 Hic
292 2982 417 3042 quoquc
431 2967 631 3030 Sauromatae
646 2969 705 3030 inm
719 2983 777 3029 vos
794 2981 911 3026 novere
926 2963 1095 3037 Getaeque,

258 3049 297 3110 Et
310 3052 387 3111 tales
402 3052 520 3114 animos
535 3053 667 3116 barbara
681 3053 769 3116 turba
784 3051 904 3128 probat.

221 3133 357 3208 cumque
372 3149 430 3210 ego
447 3137 487 3198 de
501 3143 604 3199 vestra
618 3152 716 3213 nuper
730 3136 883 3214 probitate
897 3133 1075 3206 referrem..

167 3218 206 3274 ao
262 3217 337 3276 Nam
353 3218 444 3280 didici
460 3221 564 3284 Getice
580 3221 808 3298 Sarmaticeque
822 3219 939 3296 loqui...

219 3299 311 3362 Forte
326 3315 422 3362 senex
437 3304 569 3380 quidam,
590 3313 680 3370 coetu
694 3323 764 3370 cum
779 3309 874 3369 staret
890 3304 921 3362 in
936 3302 1007 3378 illo.-

261 3383 406 3446 Reddidit
421 3389 460 3448 ad
475 3395 599 3452 nostros
613 3391 685 3452 talia
699 3391 796 3452 verba
810 3403 923 3450 sonos=
1025 3391 1026 3394 ’

220 3465 295 3528 ‘Nos
311 3483 436 3548 quoque
451 3473 600 3538 amicitiae
615 3490 735 3551 nomen,
753 3477 845 3550 bone,
864 3471 1019 3546 novimus,
1035 3469 1190 3548 hospes,
