2524 4004
164 225 227 288 aab
349 223 351 231 ⁴
546 220 800 282 FASTORUM

112 445 114 447 ,
185 378 304 441 5551115
318 373 527 450 5551565515
542 371 800 433 sollemniedenu
815 369 942 434 ferebat.

289 459 366 518 Hinc
380 457 488 534 pepuli
502 457 578 516 ritus
594 455 750 516 edidicere
764 455 844 531 pios.

246 543 473 616 aequandam,
490 541 563 602 dum
576 535 670 614 longa
683 545 793 613 genunt
807 537 998 613 pugnacibus
1013 539 1111 602 55515

125 695 127 700 ,
289 625 388 698 Bella,
406 625 579 700 parentales
595 623 762 682 desemere
776 621 853 682 dies.

247 709 315 770 Non
330 711 453 783 impune
468 709 532 770 luit.
561 721 632 766 nam
647 705 757 767 dicitur
773 706 874 765 omine
892 705 930 766 ab
946 705 1005 766 iste

184 813 236 867 550
291 793 389 852 Roma
403 790 587 856 suburbanis
602 789 768 865 incaluisse
781 789 876 864 rogis.

151 879 154 882 ’
249 876 310 934 Vix
325 876 468 949 equidem
484 874 590 956 crede,
605 873 702 932 bustis
716 873 823 932 exisse
837 873 974 934 seruntur

289 959 327 1018 111
340 960 449 1018 tacitae
465 958 566 1033 questi
581 964 718 1030 tempore
732 957 832 1016 555515
847 957 906 1028 avi,

248 1043 369 1118 Perque
383 1043 449 1102 vias
465 1039 547 1102 urbis
564 1040 730 1112 Latiosque
744 1041 884 1100 undasse
898 1053 954 1114 per
966 1056 1063 1116 aguas

291 1127 450 1188 Deformes
465 1125 597 1196 animas,
614 1125 723 1197 volgus
738 1123 843 1194 inane,
859 1124 967 1184 lentant.

186 1226 237 1278 555
250 1209 375 1272 Postea
390 1209 543 1284 praeteriti
556 1207 678 1268 tumulis
693 1207 862 1268 redduntur
875 1206 1020 1282 honores,
1043 1227 1046 1234 ’

289 1293 504 1368 Prodigiisque
517 1292 602 1350 venit
617 1289 837 1365 funeribusque
852 1291 972 1352 medus.

250 1379 329 1437 Dum
341 1384 442 1436 tamen
456 1376 533 1435 haec
548 1375 638 1446 liunt,
653 1373 766 1435 viduae
781 1379 902 1434 cessata
916 1374 1052 1448 puetlne=

288 1460 438 1534 Expectat
453 1474 548 1534 puros
563 1457 657 1532 pinea
669 1457 761 1518 taeda
776 1457 853 1517 dies.

249 1543 312 1602 Nec
326 1542 394 1616 tibi,
411 1557 491 1617 quae
506 1542 638 1616 cupidae
650 1547 769 1601 matura
783 1538 930 1600 videbere
939 1541 1038 1612 matri,

139 1647 141 1650 ·
184 1637 236 1690 565
293 1625 668 1700 Gomatvirgincushasta
678 1639 809 1685 recurva
823 1637 938 1687 cennas
1016 1683 1018 1690 s

250 1709 356 1770 conde
371 1717 455 1780 tuas,
470 1708 664 1786 Hymenaee,
679 1709 773 1780 lacis,
790 1713 821 1767 et
835 1708 873 1767 ab
888 1707 1094 1782 ignibnsatris

289 1793 399 1853 Aufert
416 1791 529 1854 habent
543 1792 619 1852 alias
634 1797 752 1852 maesta
766 1791 930 1867 sepnlths
944 1792 1051 1852 taces..

249 1877 287 1938 Di
303 1891 426 1950 quoque
441 1877 620 1950 templerum
635 1875 752 1936 ionibus
767 1876 902 1935 celentur
916 1875 1039 1950 apertis,

291 1960 371 2020 Ture
385 1965 496 2018 vacent
510 1975 596 2032 aree,
613 1965 753 2033 55551555
767 1959 835 2020 5155
849 1959 920 2033 igne
934 1959 1005 2019 1551.

144 2090 147 2098 ,
186 2049 236 2103 565
252 2043 337 2102 Ν555
353 2043 471 2104 animae
485 2051 593 2103 tenues
608 2049 638 2102 et
653 2058 785 2117 corpora
800 2043 903 2102 funeta
917 2041 1090 2116 sepulchris
1231 2055 1232 2124 l

290 2126 413 2200 Errant,
430 2143 510 2187 5555
525 2127 626 2202 posito
641 2128 778 2202 pascitur
791 2125 899 2186 umbra
910 2125 993 2186 cibo.
1231 2127 1232 2178 l

251 2209 313 2270 Nec
325 2216 428 2270 tamen
442 2211 518 2269 baec
533 2211 625 2282 ultre,
642 2227 734 2286 quam
744 2217 792 2270 tat
806 2211 846 2269 de
860 2223 966 2270 mense
980 2208 1136 2283 supersint

289 2293 436 2366 Luciferi,
455 2301 531 2368 quui
544 2293 658 2354 habent
672 2294 806 2354 55555155
820 2300 927 2354 uestra
940 2294 1035 2352 vices.
1231 2305 1232 2362 l

156 2404 159 2410 ¹
251 2375 352 2446 Hanc,
370 2377 442 2450 quia
456 2377 537 2438 iusta
556 2377 669 2453 lerunt,
686 2377 792 2437 dixere
804 2376 924 2438 Feralia
937 2377 1045 2436 lucem.
1231 2364 1232 2384 ¹

159 2455 164 2466 ’
187 2473 257 2528 570.
276 2517 279 2525 ,
295 2457 406 2520 Ultima
421 2459 580 2534 placandis
595 2459 735 2520 manibus
752 2461 803 2520 illa
818 2461 895 2521 dies.

197 2619 200 2628 A
252 2542 332 2602 11555
346 2559 424 2604 anus
439 2543 470 2602 in
484 2542 593 2604 mediis
607 2544 748 2604 residens
763 2559 882 2604 555555
896 2543 1006 2620 puellis

293 2625 389 2686 Sacra
408 2627 480 2688 lacit
492 2627 624 2689 Tacitae.
650 2629 819 2688 5155155555
837 2628 906 2702 ipsa
920 2633 1014 2688 lacet:

251 2709 288 2770 Et
301 2710 404 2784 digitis
419 2713 556 2772 illatura
568 2713 666 2778 tribus
684 2713 742 2772 sub
757 2713 860 2773 limine
874 2711 968 2786 ponit,
1001 2761 1003 2768 ,

293 2794 359 2869 Qua
374 2794 478 2856 brevis
494 2797 646 2856 occuitum
658 2811 727 2856 mus
743 2795 802 2855 sibi
817 2794 889 2855 lecit
902 2795 968 2854 iter.
1056 2863 1058 2870 ¹

188 2888 239 2943 575
254 2877 337 2938 Tunc
353 2887 472 2939 cantata
486 2880 560 2954 ligat
574 2895 643 2939 cum
657 2880 745 2939 15555
760 2879 831 2938 11515
844 2877 1000 2949 rhombo„

113 2969 115 2974 ’
290 2959 328 3018 Et
342 2968 460 3034 septem
475 2963 578 3038 nigras
593 2970 696 3022 versat
710 2964 740 3022 in
756 2961 922 3024 onerabas.
1231 3003 1232 3032 2

125 3117 128 3125 V
226 3041 403 3115 *Quodque
418 3045 487 3118 pice
503 3047 679 3120 adstrinxit,
696 3045 779 3121 quod
794 3061 853 3106 acu
867 3043 987 3104 55515511
999 3045 1131 3116 aena·
1231 3073 1232 3120 q

210 3185 212 3193 Α
293 3123 442 3186 Obsutum
456 3145 585 3188 maenae
599 3130 737 3189 douretin
752 3129 823 3202 igne
839 3133 941 3203 caput.
1231 3163 1232 3202 3

204 3247 209 3264 2
252 3207 332 3266 Vina
347 3224 470 3284 quoqne
485 3212 618 3273 instillat.
646 3214 708 3272 vini
724 3213 942 3288 quodcumque
955 3209 1093 3270 relietum
1108 3213 1162 3292 est,
1231 3225 1232 3236 ¹

120 3333 131 3352 s
165 3297 243 3360 585
296 3291 358 3350 Aut
371 3292 457 3367 ipsa,
472 3301 524 3352 aut
538 3297 679 3369 comites,
696 3297 765 3371 plus
780 3303 881 3354 tamen
896 3295 981 3370 ipsa,
996 3292 1080 3354 bibit.
1231 3293 1232 3304 ¹

124 3350 144 3402 s
155 3434 170 3451 f
252 3371 398 3432 ‘Hostiles
413 3376 532 3448 linguas
547 3376 730 3453 inimicaque
744 3379 898 3439 vinximus
912 3381 979 3438 cra’
1058 3429 1062 3434 .

182 3513 187 3518 .
258 3521 269 3534 γ
294 3453 374 3514 Dicit
388 3455 567 3528 discedens,
584 3459 729 3534 ebriaque
744 3462 808 3522 exit
822 3473 910 3520 5555.
