2520 4012
444 212 493 283 m,
507 209 535 283 a,
547 209 724 304 ar-r,1o.
826 277 828 284 ,

202 363 344 440 Spiritus,
360 369 391 429 et
403 361 495 423 Samii
512 369 583 422 sunt
595 369 660 422 rata
672 363 754 428 dicta
770 365 862 436 senis,

157 449 243 508 inter
253 447 440 509 Sarmaticas
452 449 589 509 Romana
602 445 766 520 vagabitur
781 447 914 522 umbras,

200 532 321 607 Perque
334 533 418 592 ieros
431 547 536 593 manes
553 529 677 604 hospita
691 545 815 608 semper
830 529 896 592 erit.

99 621 135 678 65
159 614 239 676 Ossa
253 622 357 676 lamen
372 613 464 676 facito
479 629 576 690 parva
589 615 760 674 reserantur
774 614 805 674 in
822 631 909 676 arna.

203 697 255 759 Sic
271 715 330 774 ego
343 715 406 763 noo
422 699 513 760 etiam
529 705 668 758 mortuus
681 699 753 758 exul
767 714 832 760 ero.
887 699 894 708 '

160 781 229 844 Non
240 783 395 846 veletrae
408 783 581 858 quisquam.
594 783 729 842 Fratrem
737 781 882 842 Thebana
892 789 1085 860 pereruptum

203 865 376 942 Subposuit
385 867 502 928 tumulo
516 882 590 942 rege
602 873 725 926 velante
737 881 837 930 soror.

159 949 263 1023 Atque
279 965 315 1010 ea
331 967 399 1011 cum
416 949 497 1012 loliis
510 957 542 1010 et
555 949 667 1011 arnonri
683 951 810 1026 pulvere
820 947 927 1024 misce,

101 1037 139 1095 70
204 1033 300 1108 inque
312 1035 490 1095 suburbano
507 1033 630 1094 condita¹
642 1049 726 1109 pone
737 1035 816 1095 solo.

160 1115 307 1191 Quosque
320 1120 400 1192 legat
413 1134 522 1178 versus
535 1120 625 1178 oculo
640 1125 828 1193 properante
841 1116 950 1190 viator,

203 1199 416 1262 Grandibasin
440 1201 519 1262 tituli
540 1216 691 1262 marmore
704 1203 800 1262 caede
822 1200 925 1263 notis:

158 1299 207 1342 mc
221 1311 228 1327 ·
240 1301 299 1345 nco
314 1317 321 1340 ε
334 1301 382 1354 om
395 1317 402 1334 ·
415 1301 506 1344 taran
520 1317 528 1334 ·
541 1300 719 1344 rauraoaou
732 1317 738 1330 ·
750 1301 847 1346 tosoa
866 1317 873 1332 ·
892 1298 1022 1345 auoaou

200 1383 323 1430 ruarmo
336 1407 343 1420 ·
358 1385 439 1428 ruam
457 1397 465 1414 ·
482 1383 562 1428 uaso
581 1399 589 1414 ·
605 1384 701 1428 rossa
719 1385 803 1428 mmo
1029 1374 1087 1441 [stt

100 1460 135 1516 te
159 1469 198 1514 nr
211 1468 292 1512 ·r1s1
305 1489 313 1505 ·
325 1469 375 1522 our
387 1491 396 1506 .
407 1467 534 1511 rannsrs
548 1485 555 1500 ·
567 1467 604 1510 ns
617 1477 624 1494 ·
637 1467 683 1511 sir
696 1480 703 1497 ·
717 1467 976 1522 oenus-oursoors
988 1485 995 1502 ·
1007 1467 1086 1510 aun-

199 1550 306 1595 mcras
319 1572 326 1586 ·
337 1552 468 1598 rasurus
483 1550 649 1594 moturas
663 1563 670 1580 ·
684 1551 761 1595 ossa
774 1569 781 1583 ·
794 1551 904 1595 coorrr

157 1617 226 1679 lioo
242 1617 317 1680 seris
334 1618 365 1680 in
382 1609 468 1680 tilulo
485 1625 543 1680 est.
582 1617 693 1679 etenim
711 1617 826 1678 maiora
844 1617 936 1680 libelli

203 1701 242 1762 ut
263 1701 404 1765 diutuma
418 1701 516 1778 magis
533 1709 605 1762 sunt
619 1700 806 1762 monimenta
821 1701 900 1776 mihi,
985 1776 988 1780 ¹

158 1783 243 1857 Quos
261 1801 318 1860 ego
336 1785 476 1861 confido,
494 1785 635 1861 quamvis
658 1801 806 1858 necarere,
826 1787 952 1845 daturos

5 1881 10 1892 “
92 1873 128 1930 80
201 1868 317 1928 Nomen
332 1876 363 1930 et
378 1869 496 1930 auctori
508 1877 647 1945 tempora
659 1871 752 1945 longa
765 1885 834 1930 suo.

157 1953 203 2011 Tu
219 1957 320 2012 tamen
340 1951 475 2014 exaucto
491 1953 596 2012 feralia
613 1969 739 2014 munera
753 1968 877 2028 semper

198 2033 308 2109 Deque
322 2034 382 2098 luis
397 2033 533 2095 lacrimis
548 2033 672 2096 humida
688 2041 771 2097 serta
790 2036 871 2094 dato.

156 2117 303 2206 Quamvis
317 2117 348 2178 iu
362 2117 481 2181 cineres
500 2135 614 2194 corpus
630 2118 794 2180 mutaverit
809 2116 898 2192 ignis,

5 2261 6 2274 ἶ
200 2200 468 2264 Sentietnllioium
481 2201 818 2276 maestalavillapium.

100 2293 135 2348 85
158 2284 302 2346 Scribere
317 2287 406 2362 plura
423 2285 505 2347 libet.
535 2285 590 2349 sed
606 2301 669 2346 vox
684 2283 755 2346 mihi
772 2285 855 2344 lassa
869 2281 1025 2358 loquendo

198 2367 339 2431 Diomedi
354 2370 437 2430 vires
450 2370 596 2444 siccaque
613 2370 715 2444 lingua
727 2375 828 2444 negat.

85 2484 88 2494 =
155 2452 275 2528 Accipe
289 2467 434 2528 supremo
452 2452 567 2514 dictum
581 2451 652 2513 milri
665 2453 796 2515 lorsitnn‘
811 2467 874 2523 ore,

200 2536 303 2609 Quod,
318 2537 374 2598 tibi
389 2539 444 2611 qui
456 2535 558 2610 mittit,
575 2554 636 2598 non
653 2537 747 2598 habet
761 2535 843 2612 ipse,
860 2536 942 2594 vale!

91 2683 134 2776 4ο
157 2682 188 2778 0
203 2719 275 2780 milri
287 2735 362 2781 care·
370 2722 495 2796 quidem
510 2738 642 2797 semper,
656 2722 713 2780 secl
726 2728 867 2796 tempore
883 2720 960 2778 duro

201 2802 336 2879 cognite,
352 2821 403 2865 res
415 2812 581 2882 postquam
594 2805 786 2880 procubuere
802 2815 903 2862 meae:

154 2885 272 2946 Usibus
292 2888 405 2949 edocto
420 2888 451 2950 si·
462 2890 624 2965 quicquam
639 2886 739 2948 credis
757 2885 866 2964 amico,

121 2989 130 2996 ·
197 2967 277 3030 Vive
295 2971 348 3031 tibi
363 2981 394 3033 et
408 2975 500 3048 longe
516 2973 640 3033 nomina
654 2987 764 3046 magna
776 2973 857 3046 luge.

111 3061 128 3114 5
151 3052 232 3112 Vive
251 3052 313 3127 libi,
332 3063 541 3131 quantumque
553 3063 645 3132 poles
659 3057 840 3131 praelustria
851 3051 924 3112 vita.

198 3135 332 3198 Saevum
345 3139 507 3214 praelustri
519 3141 632 3201 lulmen
648 3140 686 3198 ab
699 3153 770 3198 arce
781 3135 877 3197 venit.

154 3221 231 3280 Nam
247 3239 437 3297 quamquam-
449 3223 508 3283 soli
520 3226 653 3299 possunt
667 3223 820 3298 prodesse
839 3227 988 3296 potentes,

195 3305 265 3364 Non
277 3306 379 3384 prosit
392 3306 503 3382 potius,
517 3307 614 3382 siquis
627 3308 741 3366 obesse
753 3311 865 3379 potest.

152 3385 271 3464 affugit
281 3390 428 3450 hibernas
440 3390 575 3450 demissa
586 3398 731 3450 antemna
742 3389 906 3464 procellas,

101 3476 141 3534 10
193 3471 334 3549 Lalaque
349 3475 421 3550 plus
435 3471 540 3549 parvis
554 3476 626 3534 vela
641 3471 761 3534 timoris
771 3471 896 3530 habent.
