2520 4008
447 226 490 301 ΙΙ,
512 223 548 300 9,
571 223 712 296 ‘tc-10,
734 226 786 291 35.

111 394 182 496 10.
232 428 409 492 uacuo.

196 513 323 627 Ecquid
338 549 376 609 ab
391 549 564 625 impressae
579 553 744 625 cognoscis
759 551 891 628 imagine
906 569 996 616 cerae

235 635 321 695 Haec
335 632 390 693 ribi
404 631 561 694 Nasonem
577 634 713 696 scribere
728 633 837 712 verba,
853 637 977 698 Macen?

193 718 400 792 Auctorisque
415 717 463 777 sui
478 716 505 776 si
519 731 582 778 non
598 725 646 778 est
661 720 769 780 anulus
785 717 888 793 index,

131 879 135 882 ,
236 801 404 878 cognitane
418 805 467 861 est
480 807 587 862 nostra
601 801 700 862 littera
714 802 795 863 taeta
808 809 921 863 manui
978 851 979 854 ,

165 888 245 946 5An
259 885 314 946 tibi
327 884 466 946 notitiam
479 899 566 946 mora
580 886 728 963 temporis
743 888 832 963 eripit
846 887 964 962 horum,

235 969 298 1030 Nec
311 976 453 1045 repetunt
468 968 550 1030 oculi
565 967 655 1044 signa
667 976 790 1031 vetusto
803 973 867 1032 tuit

195 1053 244 1115 Sis
263 1054 335 1114 licet
349 1051 462 1115 obiitus
477 1052 806 1130 paritergemmaeque
820 1069 1000 1133 manusque,

235 1137 392 1200 Exciderit
404 1143 523 1199 tantum
536 1152 577 1197 ne
592 1135 645 1197 tibi
659 1151 734 1198 cura
747 1139 817 1198 mei.

195 1222 290 1297 Quam
306 1229 338 1283 tu
351 1221 402 1283 vet
418 1221 506 1297 longi
522 1219 618 1281 debes
636 1221 827 1282 convictibus
843 1225 921 1297 aevi,

145 1319 181 1374 to
234 1307 293 1368 Vel
307 1321 377 1368 mea
391 1307 477 1382 quod
492 1305 626 1367 coniunx
642 1311 704 1366 non
720 1305 819 1364 aliena
835 1305 896 1380 tibi,

193 1389 251 1450 Vct
267 1389 393 1464 studiis,
414 1388 525 1468 quibus
543 1404 594 1462 es,
612 1403 702 1466 quem
718 1403 792 1464 nos,
810 1389 979 1464 sapientius
997 1407 1084 1466 usus,
1129 1423 1142 1478 ι,
1250 1375 1251 1420 3

234 1474 336 1549 thue
353 1473 456 1548 decet,
473 1474 557 1534 nulla
571 1474 670 1533 tactus
691 1487 726 1533 es
742 1474 817 1533 Arte
831 1487 957 1536 nocens.

192 1559 237 1620 'iu
252 1557 337 1618 oanis
353 1564 478 1618 aeterno
495 1555 643 1634 quicquid
657 1555 793 1619 restabat
808 1556 951 1633 Homero,

235 1640 279 1702 No
294 1649 420 1704 careant
438 1656 557 1704 summa
570 1639 680 1702 Troica
691 1640 774 1701 bella
787 1656 889 1703 manu.

141 1733 178 1788 15
192 1725 275 1786 Naso
291 1741 401 1802 parurn
415 1723 569 1802 prudens,
590 1731 686 1786 artem
701 1723 772 1786 dum
787 1725 880 1786 tradit
896 1725 1025 1800 amandi,

234 1809 398 1872 Doctrinae
414 1810 544 1885 pretium
558 1809 645 1869 triste
659 1807 804 1884 magister
819 1808 920 1870 habet.

195 1892 273 1954 Sunt
285 1899 388 1954 tannen
403 1893 482 1954 inter
494 1907 530 1953 se
545 1891 718 1954 communia
733 1907 823 1952 sacra
835 1893 947 1970 poetis,

142 2017 144 2020 -
236 1977 399 2049 Diversum
414 1978 556 2054 quamvis
572 1976 704 2052 quisque
721 1991 886 2052 sequamur
900 1979 966 2038 iter.

194 2062 328 2138 Quorum
339 2068 369 2122 te
379 2076 553 2136 memorem,
567 2075 753 2137 quamquam
764 2061 872 2137 procul
883 2059 1041 2137 absumus,
1056 2074 1129 2122 esse

139 2159 179 2212 20
234 2144 400 2221 Suspicor,
416 2149 447 2206 ct
462 2161 555 2207 casus
575 2145 654 2205 veile
669 2145 773 2204 levare
786 2159 884 2206 meos·

195 2229 236 2290 Te
253 2229 332 2290 duae
349 2227 528 2315 magnificas
544 2228 639 2290 Asiae
653 2228 870 2304 perspeximus
886 2226 993 2288 urbesz

236 2311 389 2374 Trinacris
410 2319 457 2374 est
469 2313 572 2374 ocutis
586 2319 616 2374 te
632 2312 711 2373 duce
726 2318 800 2374 nota
812 2313 899 2374 meis.

132 2399 134 2404 ’
193 2395 334 2457 Vidimus
349 2397 488 2458 Aetnaea
504 2397 622 2458 caelum
638 2394 858 2476 splendescere
875 2395 1007 2469 flamma,

85 2496 87 2500 ·
237 2477 423 2556 Subpositus
437 2481 532 2542 monti
552 2497 645 2557 quarn
659 2480 755 2541 vomit
769 2495 824 2541 ore
838 2480 963 2557 gigans=

141 2568 179 2623 25
191 2561 420 2641 Hennaeosque
436 2565 522 2626 lacus
539 2572 569 2626 et
586 2563 696 2626 olentis
712 2571 821 2640 stagna
833 2564 935 2638 Palici,

238 2647 447 2725 Quaqucsuis
463 2649 588 2726 Cyanen
600 2648 716 2730 ¹miscet
729 2651 860 2724 Anapus
876 2648 975 2723 aquis.

194 2731 257 2792 Nec
272 2733 383 2807 procul
398 2731 470 2794 hinc
484 2733 623 2812 nympha
642 2737 709 2806 est,·
723 2747 820 2807 quae,
842 2731 916 2792 dum
936 2731 1013 2806 rugit
1030 2730 1127 2792 Elidis

655 2848 658 2856 ι
793 2829 922 2890 amnem,

236 2899 328 2961 Tecta
342 2901 400 2962 sub
415 2912 572 2980 aequorea
585 2915 666 2965 nunc
683 2899 809 2977 quoque
824 2900 916 2962 currit
930 2913 1021 2973 aqua.

192 2981 249 3042 Hic
263 2983 336 3046 mihi
356 2984 487 3047 labentis
505 3001 579 3062 pars
597 2983 668 3046 anni
683 2997 796 3061 magna
809 2991 935 3060 peracta
949 2990 1006 3043 est.

145 3073 183 3129 to
235 3063 338 3128 Eheu!
356 3085 449 3144 quam
463 3069 570 3146 dispar
584 3076 632 3131 cst
646 3070 733 3131 locus
748 3067 799 3128 ille
814 3067 913 3128 Getis!

190 3147 229 3210 Et
245 3158 339 3224 quota
356 3167 429 3229 pars
444 3152 522 3234 haec
538 3162 739 3225 summram,
758 3166 836 3226 quas
851 3151 984 3212 vidimus
1001 3147 1100 3226 ambo,

233 3233 275 3295 'ic
289 3235 364 3296 mihi
377 3233 529 3297 iucundas
546 3237 698 3297 efficiente
713 3235 797 3295 vias!

193 3314 257 3378 Seu
269 3325 336 3380 rate
352 3320 513 3381 caeruleas
528 3321 611 3395 picta
625 3317 813 3380 sulcavimus
827 3318 937 3392 undas,

233 3399 357 3463 Esseda
374 3418 433 3464 nos
447 3402 520 3478 agili
535 3403 602 3462 sive
616 3403 713 3464 tulere
728 3409 810 3463 rota:

134 3487 172 3545 36
188 3481 292 3562 Saepe
304 3485 409 3548 brevis
424 3487 514 3549 nobis
529 3485 648 3546 vicibus
665 3487 717 3547 via
730 3486 799 3546 visa
812 3483 973 3559 loquendi:
