2520 4012
429 210 456 284 1,
481 208 516 284 r,
541 207 683 302 ror-a,
704 210 754 274 ⁵0.

144 363 247 426 Verba
259 361 355 423 miser
369 361 481 422 frustra
494 377 557 422 non
571 362 763 438 proficientia
776 362 884 438 perdo.

181 449 255 525 Ipsa
269 461 382 522 graves
397 453 548 521 spargunt
562 459 618 505 cra
631 446 785 520 loquentis
800 461 910 524 aquae,

93 542 126 595 15
140 530 359 605 Terribilisque
373 536 464 590 notus
479 531 571 590 iactat
584 543 653 589 mea
668 530 760 602 dicta,
777 545 949 607 precesque

183 616 234 674 Ad
250 629 330 689 quos
344 613 514 688 mittuntur,
530 629 592 673 non
606 612 678 672 sinit
692 613 737 674 ire
751 613 839 674 deos.

139 699 222 774 Ergo
236 698 319 758 idem
328 696 431 772 urenti,
446 711 486 756 ne
501 709 597 757 causa
610 697 716 756 laedar
730 697 760 756 in
774 713 845 770 una,

183 782 323 856 Velaque
337 780 443 840 nescio
460 796 521 856 quc
538 787 672 854 uotaque
686 785 791 840 nasim
805 782 914 844 lerunt.

138 865 189 926 Me
203 866 362 940 miserum,
379 865 483 940 quanti
500 870 620 924 montes
634 864 800 926 volvuntur
812 877 978 942 aquarum!

90 957 125 1011 20
183 950 246 1008 lam
261 948 321 1008 iam
334 954 470 1008 tacturos
486 947 589 1007 sidera
603 961 723 1008 summa
736 953 836 1024 putes.

140 1034 277 1108 Quantae
292 1031 415 1092 diducto
431 1031 595 1092 subsidunt
609 1045 747 1105 aequore
761 1033 876 1093 valles!

180 1117 243 1176 Iam
259 1116 319 1174 iarn
332 1121 466 1175 recurras
480 1115 604 1174 Tartara
617 1115 705 1190 nigra
718 1122 819 1191 putes.
833 1153 838 1161 -

138 1201 338 1275 Quocumque
352 1199 488 1274 aspicio,
503 1198 577 1258 nihil
593 1205 654 1272 est,
671 1198 729 1258 nisi
746 1207 859 1274 pontus
875 1208 905 1262 ei
919 1207 980 1278 aar,

179 1282 336 1344 Fluctibus
351 1283 401 1342 hic
415 1281 565 1356 tumidus,
581 1281 712 1342 nubibus
727 1283 778 1343 ille
792 1283 905 1344 minax.

90 1377 122 1429 ab
138 1366 220 1428 Inter
233 1374 395 1441 utrumque
410 1366 541 1426 fremunt
554 1365 665 1426 inmani
680 1366 799 1426 turbine
813 1369 905 1428 venti.

181 1450 299 1526 Nescit,
315 1451 363 1510 cui
379 1450 504 1511 domino
517 1455 638 1526 pareat,
654 1451 738 1510 unrla
751 1451 854 1512 maris.

138 1534 215 1594 Nam
229 1534 321 1594 modo
336 1549 491 1610 purpureo
506 1535 589 1594 vires
605 1533 686 1609 capit
701 1549 793 1596 eurus
808 1535 846 1595 ab
862 1544 937 1612 ortui

181 1618 267 1677 Nunc
282 1618 440 1696 zephyrus
456 1633 527 1678 sero
542 1633 675 1693 vespere
688 1619 804 1680 missus
820 1621 917 1692 adest,

136 1702 224 1761 Nunc
240 1702 359 1776 gelidus
375 1703 460 1762 sicca
472 1702 584 1761 boreas
595 1701 762 1763 bacchatur
776 1703 814 1761 ab
828 1704 932 1777 Arata,

89 1796 124 1850 30
181 1785 266 1845 Nunc
281 1792 371 1846 notus
386 1785 520 1846 adversa
533 1785 652 1862 proelia
666 1786 765 1846 lrcnte
780 1788 866 1862 gerit.

138 1869 252 1930 Rector
265 1870 297 1929 in
310 1870 428 1931 incerte
442 1877 504 1944 est,
521 1885 578 1930 nec
593 1869 668 1946 quid
682 1870 817 1946 fugiatve
832 1875 954 1947 petatve

181 1953 309 2014 Invenit.
345 1952 496 2028 ambiguis
512 1969 562 2013 ars
578 1960 679 2030 stupet
693 1954 763 2031 ipsa
776 1955 875 2016 malis.

139 2036 263 2098 Scilicet
278 2038 461 2112 occidimus,
477 2053 534 2098 nec
549 2053 623 2116 spes
639 2044 687 2098 est
700 2039 763 2099 ulla
777 2039 895 2112 salutis,

179 2119 323 2197 Dumque
336 2122 463 2197 lcqucr,
478 2122 580 2182 vultus
596 2121 696 2182 obruit
710 2122 794 2182 unda
806 2137 905 2182 meos.

88 2213 121 2267 sa
139 2202 298 2280 Opprimat
311 2205 389 2264 banc
401 2205 533 2266 animem
548 2204 675 2279 fluctus,
690 2206 864 2280 frustraque
879 2208 1016 2282 precanti

178 2287 238 2348 Ore
253 2294 415 2364 necataque
430 2290 617 2365 accipiemus
631 2305 741 2364 aquas.

136 2373 179 2431 At
192 2372 245 2446 pia
259 2372 300 2431 nil
316 2372 399 2433 aliud
415 2389 508 2447 quarn
522 2387 571 2432 me
585 2373 669 2433 dolet
684 2374 774 2433 exule
789 2374 936 2434 coniunx:

179 2454 247 2515 Hcc
263 2471 355 2516 rrnum
369 2452 466 2517 nostri
481 2455 600 2533 scitque
615 2458 768 2534 gemitque
782 2458 863 2516 mali.

137 2537 242 2598 Nescit
255 2539 286 2598 in
300 2540 441 2601 inmenso
456 2541 561 2601 iactari
576 2556 709 2617 corpora
723 2549 828 2616 ponta,

88 2629 123 2682 4ο
180 2622 285 2682 Nescit
299 2625 348 2698 agi
362 2625 479 2699 ventis,
495 2625 594 2686 nescit
607 2626 721 2684 adesse
735 2639 852 2684 necem.

140 2704 163 2766 0
179 2705 273 2780 bene,
290 2708 377 2782 quod
391 2723 453 2768 non
469 2723 536 2769 sum
551 2723 669 2768 mecum
684 2709 896 2789 conscendere
910 2723 1033 2784 passus,

180 2789 224 2848 Ne
238 2789 311 2850 mihi
326 2807 409 2852 mors
424 2791 536 2852 misero
551 2791 599 2851 bis
614 2791 758 2867 patienda
773 2791 865 2850 lorctt

137 2874 179 2932 At
193 2889 273 2933 nune
288 2882 322 2935 ut
336 2891 475 2952 peream,
492 2875 636 2952 quoniam
650 2881 732 2935 caret
747 2875 798 2934 illa
812 2875 938 2951 periclo,

176 2955 311 3020 Dimidia
326 2966 408 3019 certe
422 2967 510 3035 parte
524 2965 684 3034 superstes
699 2973 763 3018 aro.

91 3047 123 3101 45
136 3039 172 3101 Ei
187 3040 275 3116 mihi,
291 3059 386 3117 quem
401 3044 493 3112 celeri
508 3043 678 3104 micuerunt
691 3041 796 3103 nubila
810 3041 948 3102 flammat

158 3143 161 3150 ’
180 3125 319 3198 Quantus
334 3127 373 3186 ab
386 3128 522 3188 aetherio
537 3134 685 3202 persanat
699 3141 759 3186 axe
773 3127 893 3202 fragor!

135 3208 198 3268 Nec
213 3210 312 3272 levius
328 3211 456 3272 laterum
470 3211 592 3271 tabulae
607 3211 754 3270 feriuntur
769 3210 807 3270 ab
824 3209 923 3283 undis,

179 3292 277 3368 Quam
291 3311 387 3372 grave
401 3295 529 3355 balistae
543 3294 670 3354 moenia
675 3295 778 3369 pulsat
793 3308 881 3354 onus.

136 3376 192 3449 Qui
208 3379 292 3438 venit
305 3379 355 3439 hic
370 3378 497 3453 lluctus,
520 3378 630 3439 fluctus
647 3378 853 3454 supereminet
868 3389 990 3436 omnesr

89 3467 123 3520 50
177 3459 334 3526 Posterior
349 3478 431 3524 nono
447 3469 494 3523 est
507 3461 733 3537 undecimoque
747 3461 842 3538 prior.
