2520 4012
382 210 385 212 ’
467 226 502 286 n,
523 212 701 277 ael—339.

193 369 280 430 Stant
292 382 394 427 tamen
408 367 460 428 ille
475 368 538 428 suis
554 368 655 427 emnia
669 373 733 427 tuta
746 369 833 430 locis.

150 455 190 514 Et
203 453 311 530 procul
327 468 346 510 a
361 452 476 526 scripta
491 451 565 511 solis
582 451 789 512 meretricibus
804 456 878 514 Arte

192 538 370 599 Summovet
386 535 534 610 ingenuas
549 533 661 609 pagina
675 535 774 610 prima
788 553 892 597 nurus.

87 633 138 686 305
151 623 368 696 Quaecumque
383 619 529 694 irrumpit,
550 633 614 700 quo
629 633 691 677 non
709 619 780 679 sinit
797 620 841 680 ire
856 619 1014 698 sacerdos,

194 705 335 766 Protinus
351 703 414 762 hoc
426 703 511 764 vetiti
526 702 659 763 criminis
676 709 744 762 acta
757 718 811 764 rea
825 712 882 764 est.

149 791 212 850 Nec
228 797 329 848 tamen
344 794 392 848 111
407 787 524 848 lacinus
541 801 651 846 versus
666 787 810 846 evolvere
825 789 942 849 molles.

196 874 290 933 Multa
305 871 376 931 licet
390 877 494 932 castae
508 887 570 930 non
585 870 726 930 iacienda
738 871 851 948 legant.

154 958 257 1033 Saepe
272 955 429 1031 supercilii
444 955 543 1014 nudas
559 961 697 1014 matrona
712 957 813 1015 severi

89 1051 145 1105 310
196 1042 235 1100 Et
223 1040 371 1100 tvencris
386 1045 502 1100 stantes
518 1037 558 1098 ad
572 1053 670 1112 genus
686 1053 776 1098 omne
790 1039 884 1100 videt.

153 1126 291 1200 Corpora
304 1123 448 1184 Vestales
464 1123 543 1185 oculi
558 1114 728 1182 meretricia
744 1131 879 1198 cernunt

189 1209 252 1268 Nec
268 1207 391 1268 domino
407 1222 527 1283 poenae
541 1220 591 1266 res
606 1222 643 1266 ea
658 1221 752 1266 causa
767 1207 831 1266 luit.

149 1295 193 1353 At
206 1309 261 1352 cur
274 1293 305 1350 in
320 1297 425 1358 nostra
440 1291 533 1350 nimia
547 1295 595 1349 est
583 1290 736 1349 tlascivia
749 1289 846 1364 illusa,

197 1376 295 1436 curve
309 1391 397 1436 meus
412 1375 553 1451 cuiquam
568 1374 678 1434 suadet
692 1389 794 1434 amare
808 1374 906 1434 liber?

92 1470 145 1524 ets
156 1460 205 1520 Nil
220 1459 278 1519 nisi
293 1466 451 1535 peceatum
467 1458 690 1532 manifestaque
706 1459 797 1534 culpa
812 1459 966 1522 latendum
980 1467 1036 1522 est.

194 1543 330 1603 Paenitet
343 1543 458 1618 ingenii
471 1541 637 1616 iudiciique
652 1542 721 1601 mei.

150 1628 211 1690 Cur
225 1643 285 1688 non
300 1626 452 1701 Argolicis
468 1626 571 1700 potius
587 1641 665 1700 quae
681 1625 815 1686 concidit
828 1625 920 1686 armis

195 1713 377 1770 Vexatat
330 1718 377 1770 est
390 1711 496 1772 iterum
513 1709 647 1769 carmine
660 1709 750 1770 Troia
764 1716 855 1769 meat

157 1795 217 1855 Cur
229 1796 309 1854 tacui
322 1794 443 1854 Thebas
458 1801 488 1854 et
502 1801 605 1853 mutua
616 1793 742 1853 vulnera
761 1794 894 1868 1111111111,

93 1889 146 1943 111)
197 1879 235 1940 lit
249 1885 365 1955 septem
380 1886 495 1975 1111111,
517 1877 573 1937 sub
589 1877 667 1936 duce
683 1893 836 1952 quamque
852 1884 932 1938 11111

156 1963 220 2023 Nec
233 1963 306 2022 mihi
320 1962 476 2024 materiam
490 1961 629 2021 bellatrix
642 1960 740 2021 Roma
754 1962 893 2036 negabat,

196 2047 236 2106 Et
248 2047 318 2122 pius
333 2052 386 2124 111,
410 2047 527 2122 patriae
542 2046 623 2105 lacta
636 2045 759 2117 referre,
781 2046 880 2105 labor.

154 2131 297 2206 Denique
312 2146 379 2189 curn
393 2129 507 2190 meritis
524 2129 699 2204 impleveris
715 2129 826 2202 omnia,
850 2129 971 2204 Caesar,

196 2213 271 2275 Pars
286 2213 359 2274 mihi
374 2214 412 2273 de
427 2213 528 2273 multis
543 2228 606 2272 una
620 2212 760 2272 canenda
774 2212 843 2272 luit:

92 2297 393 2374 3151111111111111111
407 2298 515 2358 oculos
530 2295 679 2356 radiantia
693 2296 808 2356 lumina
822 2296 906 2373 solia,

197 2382 375 2441 Traxissent
389 2381 522 2442 animum
536 2381 581 2441 sie
595 2386 647 2440 tua
662 2382 741 2440 lacta
755 2396 865 2440 meum.

157 2467 281 2539 Arguor
294 2465 442 2544 inmerito.
476 2465 574 2525 tenuis
590 2465 663 2524 mihi
678 2481 804 2541 campus
820 2465 937 2525 aratur:
969 2515 973 2528 ,

196 2545 272 2614 Illud
288 2557 354 2610 erat
366 2565 495 2624 magnae
510 2549 669 2608 fertilitatis
685 2565 774 2624 opus.
792 2559 797 2573 ’

156 2631 223 2693 Non
238 2634 309 2693 ideo
325 2633 416 2693 debet
430 2635 540 2708 pelago
556 2647 592 2692 se
607 2633 743 2706 credere,
766 2631 793 2690 si
809 2647 870 2704 qua

92 2723 147 2778 330
196 2717 320 2777 Audet
313 2735 343 2776 111
361 2717 472 2792 exiguo
487 2717 595 2777 ludere
609 2714 719 2790 cymba
734 2707 812 2773 lacu.

156 2797 310 2860 Forsan..
325 2808 355 2860 et
365 2802 425 2861 hoc
437 2801 606 2862 dubitem
622 2813 755 2858 numeris
767 2795 934 2858 levioribus
947 2802 1035 2882 aptus

197 2881 261 2943 Sim
275 2885 360 2958 satis,
383 2886 413 2944 in
429 2900 543 2961 parvos
559 2881 771 2978 sufficiamque
787 2880 913 2941 modos

156 2967 237 3024 At
212 2983 238 3026 11
254 2983 302 3027 me
316 2968 424 3028 iubeas
439 2969 571 3029 domitos
586 2965 691 3027 lovis
684 2981 754 3040 igne
769 2963 920 3040 Gigantas

194 3049 313 3124 Dicere,
335 3059 493 3114 conantem
510 3049 678 3112 debilitabit
693 3066 781 3109 onus.
857 3059 863 3064 ·

95 3137 147 3193 331
158 3132 268 3194 Divitis
283 3135 395 3210 ingenii
411 3141 458 3196 est
472 3135 614 3195 immania
629 3134 768 3194 Caesaris
784 3139 852 3192 1111

193 3215 345 3294 Condere,
367 3221 493 3279 materia
506 3235 546 3278 ne
560 3223 721 3294 superetur
736 3233 826 3292 opus.

155 3299 195 3378 Et
207 3305 310 3362 tamen
325 3317 420 3364 ausus
440 3318 533 3362 eram.
563 3301 620 3362 sed
635 3301 804 3362 detractare
818 3299 955 3377 videbar,

196 3383 348 3461 Quodque
366 3387 462 3461 nelos,
486 3387 598 3446 damno
614 3383 728 3452 viribus
743 3400 815 3446 1111
828 3377 898 3445 tuis.

154 3465 204 3525 Ad
220 3469 290 3528 lete
304 3487 411 3531 rursus
427 3485 515 3548 opus,
538 3468 682 3533 iuvenilia
697 3470 838 3542 carmina,
859 3466 938 3536 veni,
