2454 4004
399 285 458 361 vr,
480 253 650 362 res—soi
736 311 737 318 κ
979 279 1040 345 sss

8 491 9 494 ,
104 441 191 502 Dena
205 445 314 516 quater
327 442 498 498 memorent
510 434 658 497 habuisse
671 433 781 494 Parilia
794 433 933 506 Romam,

149 525 222 584 Cum
236 521 380 585 flammae
395 527 502 583 custos
516 519 595 579 aede
608 527 735 594 recepte
749 535 808 579 suu
822 525 885 578 ests

104 609 198 683 Regis
215 623 294 683 opus
309 604 439 682 placidi,
455 619 518 680 quo
534 613 599 662 non'
613 603 794 664 metuentius
809 602 902 662 ullum

36 701 95 754 260
149 690 287 751 Numinis
302 690 457 764 ingenium
469 695 551 748 terre
566 685 682 747 Sanina
696 686 770 749 tulit.
797 733 798 736 η

106 776 190 850 Quae
204 790 286 836 nunc
301 789 373 834 uere
391 773 496 843 vides,
513 771 704 846 stipulatum
718 777 799 831 tectu
812 769 946 843 videres

144 859 182 918 Et
196 857 299 934 peries
314 859 397 917 lento
411 855 524 916 vimine
538 862 639 916 textus
660 862 735 916 erut.

105 943 161 1002 Hic
176 943 264 1002 locus
280 942 427 1020 exiguus,
446 939 498 1016 qui
513 940 643 1000 sustinet
658 940 735 1000 atria
749 940 873 1013 Vestae,
987 956 989 960 ·

146 1026 229 1086 Tune
244 1033 310 1084 eret
324 1026 438 1086 intonsi
452 1023 538 1098 regia
552 1039 664 1098 magna
676 1023 802 1084 Numae.

36 1116 93 1169 265
107 1109 217 1170 Forma
230 1115 330 1169 tumen
346 1108 466 1182 templi,
483 1123 562 1181 quse
577 1114 788 1181 nunc‘menet
805 1111 874 1167 ante
889 1105 987 1169 luisse

8 1245 10 1250 t
147 1191 271 1252 Dicitur.
300 1197 331 1250 et
345 1192 462 1250 lorinue
478 1205 573 1250 ceusu
588 1189 752 1264 prebendo
764 1190 881 1250 subest.

104 1277 201 1335 Vesta
215 1275 332 1348 eudem,
356 1289 436 1348 quse
450 1273 551 1332 Terra.
582 1273 690 1332 subest
705 1275 779 1348 vigil
793 1273 872 1348 ignis
894 1273 1025 1350 utrique.

147 1357 326 1433 Significant
340 1358 447 1418 sedem
461 1364 544 1417 terre
559 1357 711 1430 sucusque
725 1373 822 1421 suem.

103 1441 196 1506 Terra
209 1442 291 1518 pilae
306 1441 429 1513 similis,
449 1441 531 1500 nullo
547 1440 701 1500 fulcimine
718 1442 800 1515 nixo,

31 1531 90 1587 270
148 1528 230 1587 Aere
246 1525 384 1586 subiecto
398 1532 461 1586 tum
472 1539 569 1600 grave
583 1525 698 1600 pendet
712 1542 801 1587 onus.

103 1611 177 1684 Ipse
193 1610 367 1692 volubilitas
383 1609 523 1669 libratum
539 1610 670 1670 sustinet
684 1610 798 1684 orbem,

146 1692 263 1768 Quiqrre
278 1699 397 1769 premet
411 1699 530 1769 punice,
547 1694 677 1768 angulus
693 1694 792 1755 omnis
808 1693 904 1762 abest.

8 1773 10 1814 ἓ
104 1777 239 1852 Cumque
254 1777 295 1837 sit
307 1777 338 1836 in
352 1776 453 1838 medie
467 1791 568 1836 rerum
582 1777 708 1853 regione
723 1779 832 1849 luceto,

8 1913 9 1918 ,
144 1861 181 1920 Et
196 1867 299 1936 tanget
310 1863 428 1922 nullum
443 1861 554 1936 plusve
571 1861 712 1923 minusue
726 1863 814 1937 letus,

29 1953 87 2008 275
101 1943 139 2003 Ni
153 1959 295 2006 convexa
310 1945 401 2019 leret,
422 1943 501 2020 perti
517 1944 646 2005 vicinior
660 1953 752 2018 esset,

145 2027 208 2088 Nee
223 2028 357 2088 medium
370 2035 482 2088 terrum
497 2028 628 2090 mundus
643 2028 771 2090 haberet
785 2046 873 2092 onus

101 2111 178 2170 Arte
192 2111 552 2190 Syracosiesuspensus
567 2113 597 2171 in
613 2115 685 2172 aire
700 2115 805 2174 clauso

119 2204 121 2222 i
139 2193 212 2255 Stet
227 2196 353 2269 globus,
371 2195 512 2256 immensi
527 2212 623 2271 parvo
636 2198 735 2272 figura
748 2200 828 2274 polis

100 2277 139 2338 Et
154 2277 300 2354 quantum
315 2296 335 2339 a
352 2279 495 2350 summis,
516 2285 631 2340 tantum
644 2283 776 2356 ¹secessit
790 2283 828 2342 eb
843 2283 912 2344 imis

30 2372 88 2428 280
145 2363 247 2422 Terra.
278 2362 363 2438 quod
380 2371 415 2428 ut
428 2364 496 2436 liet,
515 2365 613 2422 forma
626 2366 758 2425 rotunda
774 2367 854 2426 lecit.

101 2445 159 2508 Per
173 2447 269 2505 iacies
284 2447 397 2522 templi.
428 2447 531 2507 nullus
548 2449 701 2522 procurrit
714 2449 745 2507 in
761 2449 812 2510 illo

143 2530 293 2606 Angulus.
325 2547 343 2589 a
356 2531 461 2605 pluvio
479 2530 613 2590 vindicet
627 2531 723 2590 imbre
737 2533 850 2594 tholus.

103 2613 161 2674 Cur
175 2614 215 2672 sit
230 2614 390 2688 vimineis,
415 2614 554 2688 quaeris,
576 2615 636 2674 dee
650 2617 731 2675 culta
745 2619 911 2678 ministris?
929 2679 934 2687 ,

96 2731 107 2748 ‚
141 2697 298 2758 Inveniam
313 2713 426 2758 causes
441 2698 500 2760 hac
515 2714 641 2773 quoque
656 2706 742 2776 perte
758 2718 840 2761 suos.

31 2792 86 2845 285
100 2780 148 2840 Ex
164 2779 229 2856 Ope
243 2782 391 2842 lunonem
405 2789 575 2842 memorent
590 2782 792 2858 Cereremque
807 2791 925 2846 creatus

143 2863 266 2940 Semine
284 2863 417 2926 Setumi.
447 2867 535 2926 tertia
549 2868 645 2926 Veste
661 2868 724 2927 luit.
896 2934 898 2942 χ

98 2949 235 3023 Utraque
254 2956 438 3025 nupserunt,
458 2949 566 3010 ambae
580 2952 742 3027 peperisse
758 2953 907 3012 seruntur:

140 3031 187 3092 De
200 3033 297 3094 tribus
313 3033 476 3108 impatiens
490 3034 599 3094 restitit
612 3051 673 3094 une
688 3036 755 3094 viri.

100 3115 177 3190 Quid
193 3117 315 3190 mirum,
338 3117 425 3192 virgo
441 3117 469 3178 si
482 3117 600 3192 virgine
614 3119 694 3178 loeta
708 3119 847 3180 ministre

29 3209 85 3263 290
141 3200 281 3261 Admittit
295 3207 398 3262 castus
415 3201 455 3261 ad
470 3218 527 3262 sue
541 3218 631 3262 sucre
646 3209 776 3264 manus?

97 3283 161 3344 Nec
176 3290 210 3343 tu
228 3285 310 3346 uliud
324 3286 466 3360 Vestam,
485 3301 576 3361 quum
591 3286 693 3346 vivam
708 3287 849 3363 intellege
864 3285 1017 3349 flammam

140 3367 279 3444 Notaque
294 3369 333 3429 de
348 3367 472 3429 flamma
486 3385 618 3446 corporo
633 3373 717 3432 nullo
730 3371 830 3431 vides.

96 3449 167 3512 lure
181 3450 272 3528 igitur
285 3453 374 3528 virgo
389 3460 451 3527 est,
469 3469 548 3528 quae
563 3455 680 3518 semino
695 3457 777 3516 nullo
791 3454 921 3529 remittit,

56 3601 64 3612 λ
139 3533 204 3596 Nec
219 3538 316 3614 eupit,
331 3543 361 3598 et
375 3536 502 3599 comites
517 3537 703 3614 virginitatis,
713 3536 823 3657 hobel}
