2520 4012
380 217 436 292 111,
459 214 515 290 13,
538 217 680 295 art-m,
705 219 739 296 t,
764 222 814 284 ro,

119 381 154 436 aa
172 371 235 433 Sed
251 383 465 446 quaecumque
479 371 542 444 luit,
557 371 640 432 nullo
658 381 821 436 exercente
834 377 952 454 refugit,
1044 395 1046 398 ·

211 455 250 517 Et
265 456 357 529 longo
373 454 463 528 periit
477 455 563 516 arida
577 455 657 516 lacta
672 457 741 518 situ.

171 539 239 600 Non
253 539 303 600 hie
317 538 473 612 librorum,
490 553 546 614 per
561 556 640 615 quos
655 539 764 600 inviter
777 543 913 622 alarque,

214 623 318 698 Copia.
341 639 398 698 pro
413 623 499 683 libris
512 637 605 684 arcus
621 631 651 683 et
664 641 749 704 arma
763 636 886 687 sonant:

172 709 278 769 Nullus
293 707 325 768 in
340 705 398 768 hac
412 713 502 782 terra,
517 708 642 770 recitem
657 709 684 770 si
698 709 841 784 carmina,
859 713 947 773 cuius

121 793 158 852 to
212 792 413 853 intellecturis
429 792 555 854 auribus
570 801 647 868 utor,
662 795 759 856 adest.

172 877 234 938 llec
250 894 311 953 quo
326 878 480 960 secedam,
495 879 584 939 locus
599 886 656 939 est.
678 881 819 941 custodia
832 884 909 942 muri

104 1001 106 1006 -
214 961 391 1023 Summovet
404 963 534 1023 infestos
550 965 717 1039 clausaque
733 972 820 1039 porta
836 966 936 1026 Getas.

173 1043 273 1121 Saepe
288 1047 415 1122 aliquod
430 1063 546 1122 quaero
562 1047 689 1106 verbum
704 1064 879 1125 nomenque
894 1052 1068 1126 locumque,

213 1128 275 1190 Nec
292 1131 455 1206 quisquam
470 1137 526 1204 est,
541 1146 561 1190 a
576 1146 637 1206 quo
653 1131 763 1192 certior
778 1147 851 1192 esse
866 1149 986 1208 queam.

120 1213 155 1270 to
169 1213 278 1274 Dicere
295 1230 390 1289 saepe
405 1210 526 1290 aliquid
536 1213 694 1274 conanti...
710 1222 799 1292 turpe
814 1216 951 1280 leterii...

114 1334 116 1336 -
213 1297 316 1378 Verba
330 1299 403 1357 milri
418 1299 538 1373 desunt,
555 1297 751 1372 dedidicique
765 1299 859 1375 loqui.

170 1377 309 1442 Threicio
327 1381 536 1460 Scythicoque
552 1383 616 1442 lere
631 1383 841 1444 circumsonor
856 1399 918 1458 ore,

210 1465 249 1526 Et
263 1467 369 1529 videor
384 1467 496 1528 Geticis
512 1466 647 1527 scribere
662 1481 758 1540 posse
772 1469 881 1527 modis.

171 1549 362 1626 credamini,
377 1551 478 1624 timeo,
494 1566 534 1609 ne
549 1549 609 1612 sint
623 1549 749 1609 inmixta
761 1549 876 1610 Latinis

116 1637 153 1690 50
207 1634 304 1709 Inque
322 1634 398 1694 meis
414 1635 538 1710 scriptis
553 1633 679 1694 Pontica
693 1632 789 1693 verba
803 1635 897 1707 legas

166 1715 425 1794 Qualemcumque
438 1721 534 1794 legas,
549 1719 641 1779 venia
654 1717 781 1793 digpare
795 1716 937 1792 libellum,

207 1797 304 1862 Sertis
319 1809 352 1862 et
364 1817 481 1864 excusa
496 1803 677 1864 condicione
696 1816 791 1862 meae.

499 1945 684 1956 --.----.-.

380 2067 532 2150 LIBER
557 2067 801 2160 uolutat.

98 2183 139 2276 1·
159 2179 263 2292 Siqua
275 2219 354 2280 ,meis
370 2220 488 2294 luerint,
503 2227 647 2296 ulerunt,
662 2221 774 2280 vitiosa
790 2217 908 2291 libelle,

200 2301 357 2364 Excusata
371 2321 428 2364 suo
445 2311 592 2380 tempore,
607 2306 714 2378 lector,
727 2303 816 2366 habe.

158 2383 238 2444 Exul
253 2398 345 2462 eram,
360 2388 548 2464 requiesque
562 2389 644 2467 mihi,
661 2405 721 2450 non
737 2390 818 2448 lama
832 2387 926 2462 petita
942 2393 1004 2448 est:

130 2493 157 2542 y
201 2468 289 2540 Mens
304 2471 419 2532 intenta
434 2473 499 2532 suis
514 2489 553 2532 ne
568 2471 874 2548 loretusquemalis.
1136 2545 1139 2550 ¹

124 2561 142 2613 5
156 2552 223 2614 Hoc
239 2561 294 2628 est,
310 2569 364 2614 cnr
377 2562 479 2615 cantet
492 2557 612 2617 vinctus
631 2572 755 2632 quoque
771 2554 922 2629 compede
937 2555 1050 2628 lassor,

124 2669 126 2674 ·
204 2636 328 2697 indocili
343 2655 471 2700 numero
488 2657 556 2701 cum
570 2656 665 2715 grave
678 2639 775 2699 mollit
789 2653 879 2711 opus,

109 2731 126 2744 ⁸
164 2719 269 2784 Cantet
284 2728 313 2780 et
326 2723 458 2782 innitens
474 2724 602 2786 limosae
617 2739 735 2798 pronus
751 2735 864 2780 arenae

203 2805 345 2866 Adverso
361 2808 548 2884 tardamqui
562 2806 653 2868 trahit
667 2821 756 2866 amne
771 2807 882 2862 ratem:
950 2805 955 2812 '

162 2885 280 2962 Quique
292 2891 387 2950 relert
399 2892 515 2968 pariter
528 2893 628 2953 lentos
645 2890 686 2950 ad
699 2893 827 2964 pectora
840 2901 952 2952 remos.

109 2974 145 3026 10
201 2971 234 3030 ln
250 2987 408 3034 numerum
423 2977 514 3050 pulsa
527 2974 654 3036 brachia
666 2979 772 3033 versat
786 2987 878 3046 aqua.
900 2991 903 2996 ·

77 3129 80 3134 y
159 3051 276 3122 Fessus
290 3063 324 3115 ut
336 3057 473 3118 incubuit
486 3059 606 3133 baculo,
622 3073 742 3118 saxove
755 3055 870 3115 resedit

199 3136 319 3212 Pastor,
336 3142 505 3202 arundineo
521 3141 655 3202 carmine
669 3142 783 3201 mulcet
798 3145 883 3200 dves.

160 3219 314 3282 cantantis
329 3226 450 3299 pariter,
467 3225 580 3299 pariter
594 3226 666 3285 data
680 3239 779 3300 pensa
793 3221 940 3282 trahentis

199 3303 326 3366 Fallitur
340 3309 468 3369 ancillae
483 3307 695 3384 decipiturque
709 3307 805 3367 labor.

106 3392 140 3446 15
155 3387 264 3448 Fertur
278 3397 309 3450 et
323 3393 458 3452 ¹abducta
472 3392 643 3470 Lyrneside
658 3391 754 3451 tristis
769 3389 904 3449 Achilles
935 3462 937 3467 ‚
977 3409 981 3458 f

197 3471 367 3536 Haemonia
383 3491 474 3536 curas
490 3483 665 3537 attenuasse
680 3475 757 3552 lyra.
