2520 4012
452 223 508 299 ΙΙΙ,
529 223 566 300 4,
589 223 708 301 11-5,
730 225 759 288 7.
797 291 802 300 ,
1071 228 1112 292 43

177 378 339 452 Bosporos
356 383 386 436 et
398 375 510 438 Tanais
526 386 674 455 superant
688 377 896 456 Scythiaeque
910 379 1040 456 paludes

126 473 168 526 50
219 463 282 520 Vix
295 459 371 520 solis
387 465 418 520 et
431 461 495 521 noti
509 461 633 521 nomina
646 477 748 536 pauca
761 463 830 522 loci.
984 523 994 542 ,

182 543 317 606 Ulterius
331 541 405 602 nihil
420 550 468 614 ast
482 544 540 604 nisi
556 561 617 604 non
634 544 799 604 habitabile
813 547 919 620 frigus.

224 627 293 688 lieu
311 642 402 702 quarn
418 627 517 689 vicina
530 634 579 688 ast
592 628 697 687 ultima
710 635 792 688 terra
805 629 892 689 mihil

182 715 224 772 At
237 711 328 785 longe
343 710 440 784 patria
454 717 509 784 est,
524 711 616 784 longe
630 711 789 771 carissima
804 713 946 787 coniunx,

225 793 377 870 Quicquid
390 792 510 852 ethaeo
526 793 615 854 nobis
631 801 703 868 post
717 794 778 854 duo
793 795 882 856 dulce
896 797 961 856 luit.

132 885 169 938 55
184 877 235 938 Sic
248 884 350 936 aman
364 876 441 936 liaeo
456 877 576 950 adsunt,
591 884 625 936 nt
640 893 719 952 quae
735 879 910 953 contingere
925 886 1049 940 nonest

225 960 369 1036 Corpore,
386 960 447 1019 sint
461 961 561 1020 animo
577 969 687 1020 cuncta
700 961 836 1022 videnda
849 977 927 1023 rneo.

183 1045 263 1105 Ante
278 1046 387 1104 oeulos
404 1049 507 1103 errant
521 1044 641 1117 domus,
657 1044 729 1104 urbs
745 1051 777 1103 et
790 1047 888 1106 lorma
901 1048 1047 1120 locorum,

224 1129 528 1201 Acceduntqucsuis
544 1127 666 1201 singulo
680 1128 760 1186 locta
773 1129 861 1188 locis.

184 1211 331 1286 Coniugis
346 1217 416 1272 anto
429 1211 549 1284 oculos,
563 1210 643 1270 sieut
656 1211 953 1287 praesentaturum
968 1218 1025 1272 cst.

130 1295 168 1352 60
223 1293 377 1374 Illarneos
393 1309 484 1354 casus
499 1295 647 1369 ingravat,
661 1293 713 1353 illa
726 1295 821 1353 levat:
968 1296 1113 1368 [amorem

183 1378 325 1452 Ingravat
344 1376 419 1450 hoc,
442 1378 526 1452 quod
547 1377 642 1436 abest.
677 1379 759 1436 levat
777 1377 852 1451 hoe,
875 1379 959 1454 quod
980 1385 1116 1454 praestat

220 1460 454 1536 inpositumque
469 1461 529 1522 sibi
543 1461 632 1521 firma
645 1466 746 1520 tuctur
760 1477 849 1521 onus.

183 1545 251 1604 Vos
268 1559 394 1620 quoquc
408 1543 585 1620 pectoribus
599 1544 715 1604 nostris
729 1542 871 1617 haeretis,
887 1545 984 1619 amici,

224 1626 333 1686 Dicere
348 1643 428 1702 quos
444 1627 535 1703 cupio
551 1627 674 1689 nomine
688 1641 842 1704 quemque
854 1643 921 1688 suo.

133 1722 168 1780 65
182 1708 245 1774 Sed
259 1711 348 1771 timor
362 1711 498 1772 officinm
517 1718 624 1772 cautus
640 1712 816 1786 compescit,
832 1717 862 1771 ct
876 1711 964 1786 ipsos

225 1795 259 1854 ln
273 1801 380 1856 nostro
396 1795 469 1870 poni
485 1794 618 1854 carmine
633 1796 714 1855 nolle
729 1801 813 1869 puto.

183 1876 264 1938 Ante
277 1876 438 1952 volebatis,
453 1878 593 1954 gratique
607 1886 673 1938 crat
686 1878 783 1938 instar
796 1877 934 1950 honoris

225 1961 375 2022 Versibus
390 1963 421 2022 in
436 1963 549 2022 nostris
564 1962 688 2022 nomina
700 1968 805 2022 vestra
818 1963 888 2036 legi.

184 2042 275 2118 Quod
289 2045 432 2120 quoniam
447 2051 496 2104 est
510 2061 636 2121 anceps,
650 2045 728 2104 intra
742 2060 811 2104 mea
824 2051 952 2119 pectora
963 2057 1115 2120 quemquo

132 2131 168 2190 'lo
220 2128 390 2203 Adloquor,
407 2135 437 2189 et
450 2129 524 2188 nulli
539 2143 635 2188 causa
648 2127 765 2188 timoris
781 2141 844 2187 ero.

182 2210 246 2269 Nec
261 2227 348 2270 incus
362 2211 475 2272 indicio
490 2212 642 2274 latitantes
657 2226 768 2272 versus
783 2209 899 2270 anticos

222 2291 381 2354 Protrahit.
405 2297 527 2356 occulte
542 2295 641 2370 siquis
658 2293 786 2366 amabat,
802 2299 891 2352 amet.

178 2373 261 2436 Scite
274 2383 384 2451 tamen,
403 2378 543 2452 quumvis
558 2380 650 2454 longa
663 2377 790 2452 regione
802 2381 937 2436 remotus

223 2458 339 2534 Absim‚
354 2476 412 2520 vos
428 2460 529 2520 animo
545 2475 668 2536 semper
681 2459 794 2520 adesse
808 2475 888 2520 meo.

134 2546 169 2604 75
181 2541 220 2602 Et
235 2557 327 2616 quarn
342 2543 475 2619 quisquc
489 2549 600 2619 potest
615 2543 718 2617 aliqua
731 2543 812 2603 mala
827 2549 933 2603 nostra
947 2542 1054 2617 levate,

225 2623 332 2686 Fidam
346 2627 486 2701 proiecto
502 2641 581 2686 nove
595 2633 705 2701 negate
718 2641 851 2684 manum.

171 2707 340 2786 ‚Prospera
354 2710 400 2769 sic
413 2717 536 2770 maneat
549 2709 639 2769 vobis
654 2710 784 2778 leonina,
800 2723 857 2767 nec
872 2721 1017 2782 umquam

227 2791 363 2853 contacti
378 2793 468 2853 simili
482 2800 567 2854 sorta
580 2791 695 2866 rogetis
710 2791 800 2850 idern.

511 2901 715 2912 ——a-unn

119 2919 164 3012 5·
184 2917 270 3016 Usus
287 2957 436 3018 amicitiae
450 2964 549 3020 tecum
565 2957 637 3017 mihi
652 2971 776 3032 parvus,
791 2961 825 3015 ut
838 2955 919 3014 illam

224 3039 293 3099 Non
308 3056 401 3115 aegre
414 3057 528 3116 posses
543 3042 746 3114 dissimulare,
761 3039 824 3114 luit,

184 3119 222 3181 Ni
236 3138 286 3181 inc
300 3127 480 3200 complexus
496 3125 603 3185 vinclis
618 3121 816 3200 propioribus
833 3136 921 3182 esses

224 3205 311 3266 Nava
324 3223 394 3268 mea
406 3216 508 3282 vento,
524 3210 639 3281 forsan,
655 3214 745 3269 eunte
760 3221 829 3267 suo.

147 3285 221 3350 alit
235 3291 343 3366 cecidi,
359 3293 521 3368 cunctique
535 3298 617 3352 metu
631 3291 737 3366 lugere
750 3288 877 3360 ruinam,
949 3330 956 3334 -

227 3372 392 3450 versaque
406 3376 557 3437 amicitiae
570 3382 657 3450 terga
670 3373 784 3434 dedere
797 3387 894 3444 meae,

184 3454 292 3537 Ausus
308 3471 343 3518 cs
359 3459 429 3534 igno
443 3459 526 3520 lovis
539 3473 724 3535 percussum
737 3463 863 3530 tangere
878 3469 992 3527 eorpus
