2524 4004
465 203 507 336 rr,
529 255 689 336 oleru,
711 222 819 326 46st
961 339 963 342 ¹
1058 265 1123 331 aas

187 411 272 473 Tunc
288 426 414 486 quoque
428 410 553 470 inermis
568 424 651 482 cras,
676 427 743 473 cum
756 420 788 474 te
801 416 941 476 Romana
953 417 1102 480 sacerdos

137 505 172 558 10
228 494 335 570 Cepit,
352 498 387 553 ut
401 493 473 552 huie
486 493 561 556 Urbi
576 495 693 554 semina
707 496 801 569 digna
815 497 916 558 dares

187 578 242 638 Ilia
255 575 424 646 Vestalis...
446 575 520 648 quid
535 576 614 634 enim
631 583 710 636 vetat
723 577 796 638 inde
810 583 967 642 moverit.

229 659 324 723 Saura
338 661 493 718 lavaturas
507 670 597 717 mane
611 655 734 754 petebat
747 675 856 736 aquas.

175 745 321 804 *Ventum
334 747 401 802 erat
413 740 454 800 ad
469 740 552 798 molli
567 741 717 802 declivem
732 744 850 806 tramite
864 747 976 820 ripam:

156 826 159 832 ’
195 886 197 891 ,
215 825 353 886 *Ponitur
367 839 384 883 e
398 837 518 884 summa
532 823 631 884 fictilis
645 841 722 886 uma
736 841 833 888 coma.

24 893 45 965 .'
129 916 168 970 ‚15
183 909 282 970 Fessa
295 907 414 980 resedit
428 905 525 980 humi,
541 914 714 983 ventosque
729 912 848 986 accepit
861 918 966 987 apertu

222 992 364 1063 Pectore,
378 989 513 1050 turbatas
527 991 718 1066 restituitque
733 1009 861 1054 comasx

183 1077 260 1136 Dum
276 1075 380 1147 sedet,
389 1071 569 1132 umbrosae
584 1074 696 1134 salices
710 1071 914 1152 volucresque
930 1093 1062 1154 canorae

223 1157 379 1218 Fecerunt
390 1171 519 1216 somnos
532 1159 563 1214 et
577 1156 645 1215 leve
658 1173 793 1219 murmur
807 1175 914 1239 aquae.

183 1242 301 1301 Blanda
316 1241 404 1316 quies
418 1239 521 1301 furtim
540 1239 627 1298 victis
644 1240 782 1315 obrepsit
795 1243 910 1316 ocellis,

133 1333 170 1385 ac
220 1325 258 1384 Et
272 1325 354 1384 cadit
368 1328 504 1382 amento
518 1320 663 1397 languida
678 1324 758 1384 lacta
772 1340 888 1385 manus.
1118 1397 1120 1403 ι

183 1407 264 1468 Mars
279 1408 364 1466 videt
377 1407 473 1480 hanc,
496 1406 658 1481 visamque
674 1407 771 1482 cupit,
795 1405 969 1484 potiturque
983 1410 1094 1486 cupita,
1140 1482 1142 1489 .

156 1517 163 1528 ·
224 1491 263 1552 Et
277 1507 334 1552 sua
348 1490 451 1550 divina
466 1489 548 1549 turta
562 1489 667 1549 lelellit
681 1506 751 1566 cpe.

80 1576 82 1580 ’
185 1574 316 1634 Souruus
329 1573 407 1648 abit,
422 1573 503 1632 iacet
516 1573 568 1632 illa
582 1574 693 1647 gravis.
724 1574 785 1634 iam
800 1573 917 1642 scillcet
931 1575 1008 1637 intra

114 1701 118 1706 ,
222 1658 351 1717 Viscera
364 1657 523 1717 Romanae
538 1657 678 1716 conditor
691 1658 782 1718 Urbis
797 1666 870 1718 erat.

133 1748 166 1800 25
180 1741 338 1815 Languida
353 1740 526 1814 consurglt,
550 1755 607 1800 uec
622 1742 681 1802 scit
694 1757 749 1802 cur
762 1737 907 1816 languida
929 1749 1042 1816 surgat,

221 1821 259 1882 Et
273 1824 390 1898 peragit
403 1823 474 1884 talis
489 1822 599 1883 arbore
613 1825 685 1884 nixa
699 1841 811 1885 sanast
892 1864 894 1868 .

183 1907 273 1968 ‘Utile
292 1908 331 1966 sit
344 1908 549 1980 laustumque,
571 1923 689 1982 precor,
714 1909 799 1983 quod
808 1907 944 1982 imagine
958 1908 1057 1968 somni

223 1990 375 2050 Vidimus.
406 2007 444 2050 on
461 2006 569 2052 scmnc
583 1991 696 2050 clarius
711 1991 787 2051 illud
801 1997 886 2051 erate

58 2082 63 2142 ζ
181 2073 306 2148 Ignibus
322 2072 423 2134 Iliacis
438 2074 577 2146 aderam,
601 2090 670 2134 cum
685 2075 774 2150 lapsa
789 2073 907 2150 capillis
1019 2126 1022 2130 ,
1119 2073 1120 2078 ’

124 2163 170 2216 “30
196 2173 202 2180 ·
225 2155 345 2216 Decidit
359 2165 427 2217 aute
443 2172 550 2217 sacros
565 2157 655 2216 lanea
667 2157 741 2218 vitta
755 2160 854 2218 locos.
905 2211 907 2216 ,

182 2239 257 2300 Inde
272 2239 352 2299 duae
366 2241 493 2317 pariter,
518 2241 586 2301 visu
600 2240 751 2314 mirabile,
773 2243 893 2316 palmae

223 2321 365 2400 Surgunt.
395 2340 434 2383 ex
448 2323 509 2383 illis
522 2323 619 2384 altera
635 2323 732 2384 maior
747 2330 821 2384 erat.

182 2405 220 2466 lit
233 2405 378 2480 gravibus
393 2407 485 2469 ramis
499 2403 595 2466 totum
612 2413 786 2482 protexerat
801 2406 913 2478 orbem,

224 2489 458 2564 contigeratque
472 2506 530 2562 sua
544 2490 647 2552 sidera
662 2503 780 2550 summa
795 2495 892 2550 coma.

136 2570 171 2633 35
185 2571 272 2632 Ecce
284 2574 502 2636 nreuslerrum
511 2581 644 2649 'patruus
659 2572 781 2634 molitur
794 2574 825 2631 ln
839 2572 918 2634 illas.

223 2659 352 2716 Terreor
367 2657 544 2731 admonitu,
561 2671 677 2732 corque
691 2657 798 2736 timore
812 2655 912 2720 micat.

130 2796 141 2808 ,,
183 2739 305 2812 Martia,
321 2740 426 2815 picus,
449 2743 515 2801 avis
530 2740 649 2818 gerrrino
665 2755 722 2813 pro
736 2739 839 2814 stipite
853 2743 989 2812 pugnant

224 2823 262 2881 Et
274 2824 356 2898 lupa.
385 2830 450 2887 tuta
464 2837 520 2898 per
533 2819 591 2884 lios
605 2830 735 2896 utraque
747 2824 850 2896 palma
865 2821 940 2880 luit'

183 2905 322 2980 Dixerat,
344 2911 375 2965 et
389 2898 510 2981 plenam
525 2923 585 2966 non
601 2906 695 2966 firmis
710 2904 827 2968 viribus
842 2919 950 2964 umam

133 2999 169 3048 40
224 2987 360 3048 Sustulit.
388 2991 534 3064 implerat,
549 2991 622 3048 dum
638 3005 696 3049 suu
711 2989 777 3048 visa
790 2987 891 3049 refert.
908 2997 912 3007 “

183 3067 302 3131 luterc'a
315 3078 475 3133 crescente
488 3073 600 3146 Remo,
619 3079 782 3130 crescente
793 3071 925 3144 Quirino,

165 3159 180 3195 l
226 3154 355 3236 Caelesti
369 3155 503 3216 tumidus
518 3155 656 3231 pondere
670 3161 777 3215 venter
789 3163 863 3214 erat.

105 3289 115 3302 ,
184 3237 250 3312 Quo
265 3237 367 3299 minus
382 3238 515 3298 emeritis
530 3239 634 3306 exiret,
643 3237 783 3298 cursibus
800 3253 906 3310 annus,

203 3319 392 3394 'Restabant
405 3322 501 3382 nitido
516 3322 576 3381 iem
591 3321 758 3395 duosigua
773 3321 842 3380 deo.

101 3417 103 3422 ·
135 3411 171 3466 do
186 3402 282 3464 Silvia
296 3405 331 3464 fit
344 3413 456 3465 matare
477 3405 594 3464 Vestae
609 3405 771 3484 simulacra
785 3405 922 3464 seruntur

198 3557 208 3577 x
224 3487 390 3562 virgineas
406 3487 504 3548 oculis
519 3489 708 3564 opposuisse
722 3492 840 3546 marius.
