2520 4012
432 254 490 330 Ill,
513 253 549 332 9,
571 253 692 333 9-10,
713 257 743 318 6.

196 407 294 483 laque
310 405 395 467 Getis
411 406 518 469 Graias
535 410 721 470 constituere
737 409 868 471 domos?
918 449 923 458 -

115 505 134 556 a
151 491 214 552 Sed
228 498 318 554 velus
333 491 405 551 huic
421 507 541 567 nomen,
558 494 755 568 positumque
770 493 923 570 antiquius
938 496 1024 572 urbe,

200 575 377 638 consutae
392 576 521 654 Absyrti
536 579 631 638 caede
646 577 744 637 luisse
759 578 839 638 loco.

155 661 232 719 Nam
246 666 320 732 rate,
337 675 417 735 quae
433 676 506 721 cura
520 661 671 736 pugnacis
686 661 765 720 lacta
779 659 935 722 Minervae

184 742 254 801 ¹Per
270 759 331 802 non
346 750 507 818 temptatas
522 746 620 820 prima
635 745 767 806 cucurrit
780 761 888 821 aquas,

155 827 253 901 Impia
268 827 423 887 desertum
439 828 559 904 lugiens
574 829 685 889 Medea
699 837 855 905 parentem

106 914 142 970 10
197 909 312 970 Dicitur
326 910 374 970 his
389 927 492 973 remos
509 913 698 988 applicuisse
713 913 811 974 vadis.

158 994 252 1068 Quem
268 997 377 1069 procul
391 1002 425 1056 ut
438 997 514 1056 vidit
527 996 643 1056 tumulo
659 999 835 1072 speculator
849 998 888 1058 ab
903 999 973 1074 alto,

200 1079 358 1153 ‘Hospes’
374 1079 415 1140 ait
429 1083 539 1141 ‘nosco
555 1079 699 1141 colchide
713 1083 783 1142 vela
798 1082 907 1157 sequi?

156 1161 236 1222 Dum
251 1163 404 1238 trepidant
417 1163 551 1242 Minyae,
568 1163 640 1224 dum
656 1165 784 1225 solvitur
799 1179 911 1239 aggere
925 1167 1017 1242 lunis,

150 1295 152 1298 .
199 1247 278 1306 Dum
294 1248 432 1322 sequitur
448 1250 564 1308 celeres
581 1265 695 1308 ancora
712 1255 806 1314 tracta
820 1264 937 1323 manus,

105 1341 140 1394 15
155 1328 286 1390 conscia
300 1332 452 1406 percussit
467 1333 642 1393 meritorum
659 1339 783 1406 pectora
798 1331 918 1392 ColchIs

197 1415 285 1474 Ausa
300 1419 392 1491 atque
407 1431 521 1478 ausura
535 1418 628 1476 multa
643 1416 774 1475 nefanda
789 1431 895 1476 manu:

156 1495 202 1571 El,
220 1513 406 1576 quamquam
421 1508 565 1575 superest
579 1501 687 1575 ingens
703 1500 831 1560 audacia
846 1501 946 1576 menti,

195 1579 297 1642 Pallor
309 1583 340 1642 in
356 1584 501 1646 attonitae
512 1585 639 1660 virginis
656 1599 709 1644 ore
724 1583 820 1643 sedet.

156 1663 238 1738 Ergo
253 1666 306 1726 ubl
321 1667 483 1744 prospexit
496 1668 649 1728 venientia
663 1667 741 1742 vela,
756 1667 927 1740 ‘Tenemus

102 1753 138 1806 io
189 1749 227 1809 Et
240 1755 328 1824 pater
342 1759 390 1812 est
403 1753 506 1827 aliqua
521 1751 629 1811 fraude
643 1750 821 1811 morandus'
836 1750 886 1811 ait.

155 1834 235 1894 Dum
250 1834 322 1908 quid
338 1842 416 1912 agat,
434 1835 560 1911 quaerit,
577 1837 649 1896 dum
663 1842 769 1896 versat
781 1835 811 1894 in
827 1835 929 1896 omnia
943 1835 1055 1911 vultuS,

196 1918 247 1976 Ad
262 1918 384 1978 tratrem
400 1935 476 1980 casu
490 1919 603 1979 lumina
617 1919 700 1980 llexa
718 1920 793 1980 tulit.

151 1999 250 2068 ,Cuius
265 2007 298 2062 ut
313 2003 414 2063 oblata
429 2011 477 2064 esi
490 2004 673 2078 praesentia,
689 2003 852 2064 ‘Vicimus’
868 2004 980 2079 iuquit:

7 2151 8 2154 Ἴ
91 2085 94 2090 “
196 2085 265 2144 ‘Hic
280 2085 354 2146 milri
367 2094 464 2148 morte
479 2103 536 2148 sua
552 2104 647 2149 causa
662 2087 769 2147 salutis
785 2087 863 2146 erit’

7 2219 9 2228 ,
106 2179 141 2232 25
154 2167 297 2231 Protinus
312 2170 407 2244 ignari
422 2188 479 2232 nec
496 2171 660 2247 quicquam
674 2171 735 2229 tale
749 2169 880 2230 timentis

197 2253 365 2313 Innocuum
379 2256 478 2329 rigido
494 2257 631 2330 perforat
645 2268 720 2314 ense
734 2255 823 2396 zius,

155 2335 259 2410 Atque
273 2336 314 2397 ita
328 2339 451 2411 divellit,
468 2339 651 2412 divulsaque
666 2353 744 2397 mem
767 2353 801 2396 ra
816 2353 873 2413 per
887 2351 978 2412 agros

198 2421 337 2495 Dissipat
354 2423 384 2480 in
402 2422 503 2483 multis
517 2421 701 2482 invenienda
714 2420 802 2481 locis.

155 2501 222 2564 Neu
236 2510 323 2580 pater
337 2505 464 2581 ignoret,
481 2507 610 2582 scopulo
625 2503 770 2581 proponit
783 2504 813 2564 in
826 2506 886 2566 alto

105 2588 141 2644 30
192 2585 407 2664 Pallentesque
421 2605 530 2650 manus
546 2589 809 2664 sanguineumque
825 2594 930 2664 caput:

154 2671 196 2731 Ul
211 2671 329 2745 genitor
342 2675 488 2749 luctuque
502 2690 584 2734 novo
598 2673 734 2734 tardetur
749 2677 787 2746 et,
802 2679 885 2732 artus

197 2755 276 2814 Dum
289 2757 363 2830 legit
377 2758 536 2831 extinctos,
551 2756 637 2817 triste
651 2755 786 2815 retardet
799 2755 864 2814 iter.

155 2837 231 2896 lnde
245 2839 347 2899 Tomis
363 2840 462 2900 dictus
477 2842 566 2900 locus
581 2839 641 2914 hie,
657 2839 728 2914 quia
744 2839 837 2898 lertur
851 2838 881 2896 in
895 2836 946 2897 illo

197 2919 335 2982 Membra
350 2939 440 2985 soror
455 2924 556 2984 fratris
572 2922 773 2983 consecuisse
787 2923 845 2982 sui.
882 2981 885 2988 Δ

74 3049 141 3147 10·
153 3050 264 3164 Siquis
281 3088 382 3150 adhuc
396 3090 466 3151 istic
480 3090 614 3150 meminit
626 3086 759 3149 Nasonis
774 3084 917 3163 adempti,

199 3173 237 3233 Et
252 3181 398 3249 superest
413 3174 480 3234 sine
495 3190 544 3234 me
558 3189 668 3235 nomen
685 3175 715 3232 in
730 3172 812 3233 Urbe
827 3187 936 3244 meum,

76 3323 85 3334 ,
155 3256 359 3333 Suppositum
374 3258 470 3318 stellis
486 3273 651 3332 numquam
666 3254 859 3332 tangentibus
874 3269 991 3330 aequor

197 3341 249 3402 Me
264 3343 342 3402 sciat
356 3342 388 3402 in
401 3342 503 3402 media
516 3343 622 3402 vivere
634 3339 784 3400 barbarie.

120 3434 137 3486 5
153 3420 358 3487 Sauromatae
375 3427 507 3502 cingunt,
523 3426 588 3486 iera
603 3441 688 3500 gens,
703 3423 856 3497 Bessique
872 3421 1037 3493 Getaeque,
1068 3426 1072 3434 ’

199 3508 295 3583 Quam
311 3523 372 3572 non
388 3510 511 3588 ingenio
526 3511 649 3571 nomina
665 3508 756 3582 digna
770 3513 854 3566 meot

20 3619 22 3640 .
109 3607 196 3653 euru.
219 3593 270 3657 ΠΙ,
871 3593 890 3648 t
