2520 4008
416 180 829 262 ruro,usuu,1,ue
902 173 904 176 ’
1068 188 1130 254 ros

191 335 272 410 Ergo
290 332 376 409 quod
391 331 489 395 iuerat
503 336 633 397 stimulis
649 337 768 398 faetore
781 337 848 399 sine
862 339 941 413 ullis,

144 429 180 482 oo
233 415 357 478 Plenius
377 424 534 478 auctorem
548 426 578 478 te
594 436 726 495 quoque
740 428 851 483 nancte
866 422 946 484 iacit.

194 503 276 562 Aoer
290 507 320 560 et
337 498 378 558 ad
392 500 513 574 palmae
532 517 588 578 per
604 519 639 564 se
657 519 803 564 cursurus
818 505 962 583 honores,

237 585 269 645 Si
283 591 386 644 tamen
401 583 546 660 horteris,
563 587 671 648 fortius
687 585 742 650 ibit
757 602 869 662 equus

193 669 300 740 Adde,
318 666 403 742 quod
417 668 555 730 absentis
571 685 644 730 eura
656 669 800 732 mandata
816 671 900 732 fideli

233 751 368 824 Perfieis,
390 758 421 811 et
435 751 549 814 nullum
564 754 644 815 ferro
657 755 796 834 gravaris
811 770 900 816 onus.

143 843 179 897 πᾶ
195 835 232 896 0!
250 833 383 896 referent
400 843 518 911 grates,
535 841 680 913 quoniam
695 854 756 900 non
771 855 938 915 possumus
952 840 1022 918 ipsi,

229 918 266 979 Di
282 917 345 979 tibi.
376 920 427 996 qui
443 920 589 996 referent,
604 922 696 998 sipia
711 925 791 984 tacte
805 924 919 985 vident.

193 1001 394 1079 Sufficietque
409 1005 462 1065 diu
476 1019 592 1082 eorpus
608 1023 733 1082 quoque
749 1007 883 1068 moribus
898 1009 974 1084 istis,

169 1103 173 1110 ·
232 1085 366 1150 Maxime
375 1085 515 1150 Fundani
530 1090 635 1166 glorio,
651 1091 738 1164 Rufe,
755 1091 823 1152 soli.

512 1235 728 1250 m

400 1357 550 1440 tinuit
593 1359 830 1444 TERTIUS.

139 1511 183 1610 1.
232 1547 389 1609 uxout

198 1629 328 1744 Aequor
342 1667 465 1729 losonio
481 1668 636 1744 pulsatum
650 1667 763 1744 remige
779 1669 919 1748 primum,

229 1750 375 1826 Quaeque
389 1766 447 1812 nee
462 1752 551 1812 hoste
566 1753 631 1812 sero
646 1767 703 1812 nee
718 1753 803 1828 nive,
818 1760 912 1828 terro,
929 1769 1026 1829 eores,

191 1831 321 1912 quuod
335 1835 391 1896 erit
409 1842 546 1912 tempus,
562 1845 624 1912 quo
641 1851 699 1896 vos
717 1852 774 1912 ego
789 1837 872 1898 Naso
889 1837 1067 1914 relinquam,

232 1919 379 1980 lominus
393 1919 497 1980 hostili
510 1920 616 1981 iussus
631 1920 743 1982 abesse
757 1922 849 1982 loco?

3 2039 4 2044 κ
166 2001 245 2062 5An
260 2003 334 2067 mihi
347 2001 489 2068 herberie
503 2002 669 2064 vivendum
687 2019 810 2080 semper
823 2005 947 2066 inistat
986 2029 994 2075 ς

235 2079 334 2160 loque
347 2085 504 2148 Tomitana
519 2087 636 2148 condar
650 2095 772 2164 oportet
784 2088 900 2150 humor

193 2167 272 2231 Paeo
287 2177 376 2242 tua,..
392 2170 418 2232 si
432 2186 496 2248 pax
510 2170 571 2231 ulta
586 2171 716 2246 esttibi,
730 2171 856 2232 Pontice
870 2172 970 2248 telius,

235 2253 392 2314 Finitimus
410 2254 520 2330 rapido
539 2271 630 2329 quem
644 2256 713 2316 terit
726 2255 824 2316 hostis
839 2271 952 2332 equo...

193 2336 272 2398 Pace
286 2344 338 2398 tue
353 2336 470 2400 dixisse
484 2339 586 2400 velim.
615 2347 647 2399 tu
661 2340 797 2415 pessime
811 2340 889 2402 duro

144 2430 179 2484 ιο
233 2420 354 2481 Perses
370 2423 400 2482 in
414 2423 523 2497 exilio,
538 2429 569 2483 tu
585 2424 665 2484 urata
680 2430 786 2484 nostro
798 2440 921 2499 graves.

194 2506 237 2565 Tu
255 2521 355 2581 neque
373 2521 427 2566 ver
445 2507 541 2568 sentis
556 2507 689 2569 cinctum
706 2507 835 2568 florente
850 2523 973 2579 corona,

234 2590 279 2649 Tu
293 2605 394 2666 neque
408 2607 582 2654 messorum
597 2607 728 2667 corpore
743 2590 827 2652 uude
841 2591 939 2652 vides.

194 2672 255 2732 Nee
269 2672 323 2732 tibi
337 2674 519 2750 pampineas
535 2681 696 2738 autumnus
712 2674 840 2752 porrigit
854 2691 946 2736 uvas:

235 2756 349 2817 Conoto
366 2759 422 2818 sed
439 2757 625 2822 inmodicum
639 2766 778 2834 tempere
793 2758 886 2834 frigus
902 2757 1024 2819 habent.

145 2840 179 2892 15
194 2840 238 2899 Tu
251 2841 349 2914 glaeie
364 2841 441 2904 iretu
454 2843 558 2904 vineto
573 2849 669 2918 teneS,
691 2848 721 2903 et
735 2842 764 2901 in
779 2857 916 2918 aequore
930 2843 1025 2921 piscis
1067 2901 1070 2904 .

235 2923 376 2986 lneiusus
391 2933 471 2988 teeta
486 2943 582 3003 saepe
599 2927 716 2992 natavit
729 2942 820 3002 equa.

194 3007 255 3066 Neo
269 3008 323 3068 tibi
343 3016 414 3071 suot
429 3009 545 3087 fontes,
561 3011 660 3072 iatieis
675 3010 734 3071 nisi
750 3025 849 3087 poene
863 3008 980 3083 marini,

235 3091 292 3164 Qui
307 3100 400 3169 potus
411 3093 538 3166 dubium
553 3095 641 3156 sistet
657 3097 758 3155 alatne
772 3094 861 3154 sitim.

194 3173 290 3250 Raro,
306 3192 408 3252 neque
422 3179 501 3240 haee
516 3179 605 3254 felix,
621 3178 782 3254 inopertis
798 3176 910 3239 eminet
927 3176 1009 3237 arvis

139 3263 180 3317 20
233 3259 344 3321 Arbor.
373 3268 403 3322 et
418 3262 448 3322 in
462 3270 544 3323 terre
559 3269 606 3323 est
625 3263 720 3324 altera
734 3263 833 3322 sornte
847 3261 952 3322 meris.

192 3341 259 3402 Nou
274 3345 341 3405 avis
358 3345 548 3423 obloquitur,
564 3347 668 3422 silvis,
684 3346 743 3410 nisi
758 3346 862 3421 siqua,
878 3342 1014 3415 remotio,

230 3428 414 3506 Aequoreos
428 3446 523 3492 rauco
536 3437 657 3508 gutture
671 3435 757 3508 potat
771 3443 879 3504 aquas.
