2520 4008
472 189 514 262 11,
536 185 572 263 8,
594 185 713 279 47ῂ-9,
734 185 785 252 43.
1076 189 1137 254 151

248 341 407 416 Quamque
421 344 525 415 potes,
540 340 703 414 profugo...
715 356 786 402 nam
800 347 922 418 potes...
934 340 1022 402 adfer
1036 356 1139 418 opem.

204 426 255 486 Me
269 426 392 486 tortura
405 423 489 485 tibi...
505 422 545 482 dc
560 438 622 496 qua
636 420 721 497 quod
736 441 798 486 non
813 440 940 502 querar,
954 424 1014 488 hac
1029 433 1106 490 est...

247 507 399 579 Tradidit,
415 507 476 568 hac
489 521 552 568 unc
568 521 631 567 nou
645 506 767 566 inimica
780 508 862 571 rnihi.

206 592 324 667 Excipe
339 589 532 666 naufragium
547 603 609 648 nan
623 588 700 654 duro
715 589 964 668 lumeresheim,

158 682 193 735 10
247 675 291 734 Ne
307 673 400 736 inerit
413 681 495 734 terra
508 671 601 733 tutior
614 672 699 736 unda
712 678 774 735 tua.

205 759 318 832 Regia,
334 757 427 818 crede
441 755 533 830 mihi,
546 771 598 816 res
612 764 660 817 est
675 771 855 819 succurrere
868 758 975 834 lapsis,

249 841 398 902 Convenit
411 848 442 901 et
454 846 554 914 tanto,
571 847 702 916 quantus
718 857 752 902 es
767 841 851 917 ipse,
866 841 943 903 viro.

133 991 134 998 ,
205 926 369 986 Fortunam
383 925 472 992 decet
486 922 546 985 hoc
560 923 658 985 istam.
688 940 768 1001 quae
781 926 914 986 maxima
928 942 996 990 cum
1011 928 1059 1001 sit,

248 1007 328 1068 Esse
342 1014 445 1084 potest
459 1008 560 1068 anima
576 1006 630 1066 vix
643 1014 744 1068 tamen
757 1023 857 1082 aequa
872 1018 934 1072 tuo.

156 1103 191 1160 15
205 1091 398 1168 Conspicitur
411 1105 577 1167 numquam
590 1090 717 1152 meliore
731 1094 867 1167 potentia
880 1109 983 1164 causa,

249 1175 347 1249 Quam
361 1176 504 1252 quatiens
520 1189 617 1234 vanas
633 1190 695 1235 non
711 1175 782 1236 sinit
796 1190 867 1238 esse
882 1191 1002 1252 preces.

206 1259 273 1322 Hoc
288 1261 368 1321 nitor
382 1259 441 1320 iste
455 1259 498 1322 tui
512 1257 634 1334 generis
650 1256 815 1321 desiderat.
843 1259 903 1320 hoc
918 1265 966 1320 cst

248 1344 277 1402 Α
292 1341 414 1418 superis
430 1349 515 1412 ortae
529 1339 695 1404 nobilitatis
709 1356 799 1421 opus.

205 1425 272 1487 Hoc
285 1424 340 1486 tibi
354 1432 385 1487 et
397 1425 582 1504 Eumolpus,
596 1425 719 1501 generis
734 1423 921 1486 clarissimus
936 1431 1050 1500 auctor,

153 1517 191 1572 20
244 1509 282 1570 Et
295 1509 380 1586 prior
393 1509 544 1586 Eumolpo
560 1508 672 1570 suadet
684 1507 909 1572 Erichthonius.

204 1591 271 1657 Hoc
285 1599 387 1656 tecum
402 1607 565 1656 commune
579 1593 655 1669 dac,
672 1593 758 1670 qued
771 1600 901 1672 uterque
919 1593 1017 1670 rogati

106 1687 109 1692 '
247 1675 445 1753 Supplicihus
459 1675 571 1738 vestris
591 1677 672 1738 serre
686 1677 792 1738 scietis
807 1689 908 1752 opem.

202 1759 356 1836 Numquid
370 1761 440 1836 erit,
457 1775 554 1836 quare
569 1761 661 1823 sclito
676 1759 836 1836 dignemur
848 1759 968 1823 honore

244 1844 389 1918 Numina,
406 1845 434 1904 si
449 1844 555 1908 demas
569 1844 649 1907 veile
663 1845 770 1906 iuvare
785 1845 884 1905 deust

147 1931 184 1986 aa
198 1925 334 2004 Iuppiter
347 1928 446 1990 aranti
456 1927 573 1992 surdas
588 1927 616 1989 si
629 1928 776 2004 praebeat
789 1927 881 2002 auris,

247 2011 379 2072 Victima
392 2029 449 2088 pro
463 2012 578 2088 templo
593 2027 648 2073 cur
664 2012 755 2073 cadat
768 2012 828 2072 icta
842 2010 948 2073 invisi

204 2091 237 2153 Si
252 2109 361 2170 pacem
375 2097 488 2156 nullam
502 2101 617 2172 pentus
632 2094 705 2156 mihi
720 2100 857 2170 praestet
870 2092 961 2166 eunti,

244 2176 335 2238 Irrita
346 2178 486 2255 Neptune
502 2192 557 2240 cur
570 2193 629 2254 ega
643 2185 711 2238 tura
727 2177 844 2237 feram?

201 2259 292 2321 Vana
305 2259 470 2324 laborantis
486 2260 513 2322 si
528 2261 613 2322 saliat
627 2266 700 2320 vota
714 2259 824 2329 coloni,

150 2354 188 2410 30
242 2343 385 2419 Accipiat
397 2344 546 2420 gravidae
561 2360 617 2408 cur
633 2343 699 2406 suis
716 2349 787 2404 exta
801 2340 916 2402 Cerest

202 2426 266 2488 Nec
281 2427 366 2490 dabit
378 2428 501 2490 intonso
517 2429 653 2506 irrguhun
668 2442 761 2506 caper
774 2424 877 2488 hostia
890 2423 1024 2499 Baccho,

244 2511 346 2572 Mustn
360 2509 417 2571 sub
433 2512 567 2575 adducto
583 2512 610 2574 si
623 2511 705 2590 pede
720 2510 804 2574 nulla
817 2507 922 2573 fluam.
982 2559 990 2576 .

203 2593 317 2654 caesar
329 2601 363 2654 ut
375 2594 495 2672 imperii
510 2597 685 2658 moderetur
697 2595 783 2656 irena
798 2607 967 2670 precamur,

243 2679 317 2737 Tam
330 2675 410 2740 bene
427 2680 513 2755 quod
525 2681 642 2756 patriae
657 2679 789 2741 considit
802 2678 854 2738 ilie
868 2689 954 2738 suae.

149 2767 186 2826 aa
201 2757 319 2821 Utilitas
333 2761 425 2838 igitur
438 2779 568 2840 magnas
581 2763 786 2839 hominesque
799 2761 940 2838 deosque

243 2843 359 2919 Efficit,
379 2847 502 2912 auxiliis
518 2863 643 2926 quoque
658 2847 780 2910 favente
796 2844 871 2908 suis.

200 2925 243 2986 Tu
259 2942 386 3004 quoque
399 2931 450 2990 fac
464 2933 596 3010 profugo
612 2931 732 3008 prosint
745 2937 798 2992 tua
812 2931 914 2990 castra
928 2925 1046 2999 iacenti,

243 3009 267 3070 0
284 3010 379 3088 Coty,
398 3017 563 3090 progenies
577 3015 671 3090 digua
685 3020 811 3091 parente
826 3019 889 3073 tuo.

200 3092 395 3158 conveniens
409 3097 525 3160 homini
540 3105 588 3161 est
599 3097 754 3160 honinem
770 3108 896 3158 servare
909 3093 1064 3168 voluptas,

148 3180 186 3236 to
241 3176 281 3239 Et
293 3179 403 3241 meiius
419 3181 504 3244 nnita
519 3183 675 3258 quaeritur
689 3189 754 3242 arta
768 3180 867 3243 iuver.

201 3259 275 3334 Quis
290 3277 352 3323 non
367 3264 554 3340 Antiphaten
567 3263 782 3343 Laestrygona
795 3262 950 3324 nervovett
963 3265 1016 3320 aui
1030 3258 1098 3334 quis

240 3343 377 3408 Munifici
392 3363 496 3410 mores
510 3347 661 3424 improbat
673 3347 820 3409 Alcinoi‘t

198 3423 266 3487 Non
281 3428 336 3489 tibi
351 3430 545 3493 casandreus
559 3439 647 3507 pater
661 3440 709 3493 est
723 3432 864 3508 gentisve
877 3427 1041 3498 Pheraeae,
