2520 4008
502 151 560 230 111,
579 149 616 229 a,
639 150 759 230 45-4‚
781 153 812 217 e.
850 215 852 220 ,
1054 107 1059 111 ”
1105 159 1165 234 1⁶5

222 306 309 369 Pone
323 309 423 366 metus
438 303 539 380 igitur.
567 304 708 370 mitescet
724 306 864 372 caesaris
878 308 933 387 ira,

235 385 237 391 '
265 387 304 450 Et
316 387 422 448 veniet
435 388 517 449 votis
531 389 654 452 mollior
667 388 744 450 hore
756 392 827 454 tuis.

171 480 207 540 85
219 473 305 534 Neve
319 486 438 532 moram
451 471 577 546 timeas,
598 473 729 548 ternpus,
754 475 838 548 quod
855 477 1040 554 quaerimus,
1063 477 1163 558 instat,

266 556 443 630 Cunctaque
458 554 593 616 laetitiae
606 555 698 632 plenu
712 556 884 633 triumphus
899 559 1001 622 habet.

120 713 121 718 ἵ
222 643 301 702 Dum
314 640 427 701 domus
442 645 472 698 et
485 639 557 715 nati,
580 639 653 700 durn
667 646 764 700 mater
776 639 864 702 Livia
878 643 1001 719 gaudet,

264 725 343 785 Dum
359 721 487 799 gaudes,
510 723 628 797 patriae
642 739 752 798 magne
768 723 920 801 ducisque
933 735 1036 802 pater-2

221 807 302 870 Dum
313 807 368 868 tibi
383 813 519 882 gratetur
533 808 679 883 populus,
700 813 859 884 totumque
873 825 930 886 per
942 809 1056 875 Urbem

173 895 208 951 00
264 889 369 952 Omnis
383 889 523 952 odoratis
538 889 661 966 ignibus
676 907 729 952 ara
743 892 830 969 calet,
981 937 982 940 η

221 975 301 1035 Dum
315 974 423 1036 faciles
439 973 539 1035 aditus
557 974 686 1051 praebet
698 977 875 1038 venerabile
890 978 1045 1056 templum·

263 1057 458 1134 Speraudum
473 1063 597 1120 nostras
611 1072 708 1134 posse
722 1061 827 1120 valere
841 1067 974 1137 preces?
1012 1070 1024 1078 “

132 1184 134 1188 ,
220 1142 312 1204 Dixit.
346 1149 376 1203 et
390 1149 442 1202 aut
451 1142 507 1202 ille
522 1148 569 1203 est
583 1150 691 1204 tenues
707 1141 848 1222 dilapsus
862 1144 893 1206 in
907 1159 1008 1222 auras,

262 1227 435 1302 coeperunt
451 1241 564 1288 sensus
579 1232 631 1288 aut
643 1225 771 1304 vigilare
785 1229 855 1287 mei.

171 1315 205 1374 95
221 1309 254 1372 Si
270 1310 415 1386 dubitem,
439 1310 513 1387 quin
526 1310 576 1371 his
592 1310 716 1386 faveas,
738 1325 756 1370 o
770 1309 913 1388 Maxime,
936 1311 1034 1388 dietis,

168 1471 170 1474 Ι
256 1393 435 1456 Memnonio
451 1410 570 1472 cyrnos
587 1410 659 1457 esse
670 1394 907 1470 coloreputern.

207 1477 290 1556 ‘Sed'
298 1493 401 1554 neque
415 1486 549 1541 mutatur
562 1479 650 1554 nigre
663 1478 734 1555 pice
748 1480 865 1539 lacteus
878 1477 998 1553 humor,

260 1563 332 1639 Nee,
355 1563 441 1638 quod
455 1571 522 1624 erat
535 1562 682 1638 candens,
705 1563 740 1623 fit
751 1559 952 1636 terebinthus,
974 1561 1060 1626 ebur.

222 1645 415 1708 Conveniens
431 1648 533 1708 animo
549 1662 648 1723 genus
663 1645 789 1708 esttibi.
821 1646 924 1706 nobile
937 1662 1070 1724 namque

154 1738 207 1791 100
260 1730 369 1792 Pectus
385 1737 415 1794 et
428 1729 599 1794 Herculeae
614 1729 816 1808 simplicitatis
830 1729 938 1790 habes.
1010 1747 1012 1752 ’

219 1815 321 1891 Livor,
344 1815 427 1877 iners
440 1815 555 1888 mium,
579 1818 684 1876 mores
698 1830 761 1875 non
776 1814 838 1873 exit
853 1814 884 1874 in
899 1813 989 1890 altos,
1017 1831 1020 1836 ·

24 1981 27 1990 ¹
146 1939 148 1944 -
261 1899 362 1976 thue
376 1901 474 1961 latens
489 1899 552 1964 ima
565 1897 672 1975 vipera
688 1897 784 1976 serpit
796 1897 901 1958 humo.

219 1980 307 2044 Mens
322 1991 376 2044 tua
391 1983 531 2046 sublimis
547 1999 642 2061 supra
656 1997 754 2058 genus
770 1981 881 2043 eminet
894 1982 1006 2056 ipsum,

152 2117 154 2122 .
250 2067 414 2130 'Grandius
428 2068 552 2144 ingenio
569 2083 626 2129 nec
640 2067 695 2128 tibi
709 2079 822 2127 nomen
837 2065 927 2124 inest.

156 2150 302 2226 resurgo
317 2151 368 2211 elii
381 2160 514 2230 noceant
526 2151 657 2226 miseris,
681 2154 848 2228 optentque
860 2147 968 2223 timeri,

167 2274 170 2277 -
256 2234 424 2310 Tinctaque
438 2235 577 2298 mordaci
591 2236 710 2313 spicula
725 2232 796 2294 lelle
810 2237 927 2308 gerant.
954 2307 957 2311 p

219 2324 259 2380 At
272 2325 325 2379 tua
338 2319 530 2396 supplicibus
547 2319 658 2381 domus
671 2325 720 2384 est
734 2317 863 2379 adsueta
877 2313 1031 2392 iuvandis,

259 2404 294 2463 ln
309 2419 439 2481 quorum
453 2420 581 2466 numero
595 2419 654 2479 me,
677 2417 797 2481 precor,
818 2413 890 2461 esse
904 2395 994 2463 velis.

162 2585 207 2684 4.
261 2619 447 2684 auriuo.

219 2699 308 2796 flacc
321 2734 376 2796 tibi
390 2751 453 2798 non
466 2751 577 2797 vanarn
592 2735 745 2811 portantia
758 2730 856 2794 verbe
870 2731 999 2793 salutem
1029 2767 1031 2771 -
1153 2811 1156 2816 Ι

259 2817 341 2881 Naso
356 2819 514 2883 Tomitana
527 2819 615 2880 nuttit
631 2817 670 2878 ab
684 2817 761 2879 urbe
775 2824 856 2892 tuus,

218 2904 321 2978 thue
335 2917 394 2966 suo
409 2905 515 2965 laneas
532 2903 666 2979 mandat,
687 2902 808 2976 liuline,
830 2899 984 2978 triumpho
997 2923 1004 2958 =

259 2987 294 3047 ln
309 2994 430 3049 vestras
444 2989 528 3049 venit
542 2989 569 3050 si
582 2995 683 3048 muron
698 2986 749 3046 ille
763 3002 884 3050 manus.
1039 3067 1042 3069 ι

185 3067 269 3132 illst
283 3085 365 3147 opus
380 3073 524 3146 exiguum
538 3071 713 3145 vestrisque
727 3069 885 3146 paratibus
899 3069 1004 3145 inpar:
1129 3107 1130 3110 ,

261 3154 358 3230 Quale
370 3160 471 3215 temen
486 3169 617 3230 cunque
632 3159 687 3230 est
709 3153 869 3228 utineam,
887 3167 979 3236 rogo.

217 3235 319 3298 Pinna
331 3237 436 3298 valent
449 3253 506 3315 per
520 3253 565 3312 se,
586 3236 764 3315 nullumque
777 3236 951 3299 Machaona
964 3237 1126 3313 quaerunt.

259 3321 311 3381 Ad
324 3321 476 3383 medicem
490 3319 602 3382 dubius
616 3321 753 3399 coniugii
767 3336 861 3398 aeger
884 3333 986 3398 opem,

217 3403 286 3466 Non
302 3419 383 3484 opus
398 3412 446 3468 est
459 3405 577 3482 magnis
592 3405 716 3484 placido
728 3406 847 3498 lectore
861 3405 976 3480 poetica
