2520 4008
128 150 191 220 tet
298 137 299 140 ‘
563 147 706 211 rarnrs

189 291 200 310 '
254 261 318 382 Qui·
324 302 417 364 miser
431 300 564 362 aurifera
577 306 656 364 teste
668 301 815 377 pependit
829 315 921 378 aqua.

212 387 275 452 Aut
293 393 326 448 ut
338 384 527 460 Achilliden,
541 391 672 460 cognato
686 385 809 445 nemine
823 387 948 464 clarum,

147 479 201 535 dou
256 470 412 548 Opprimat
424 468 529 530 hostili
542 468 644 543 tegula
657 469 736 528 iacta
749 482 851 530 manu.

212 555 276 616 Nec
289 561 357 628 tua,
374 569 467 629 quam
483 551 610 630 Pyrrhi,
626 551 744 628 felicius
760 566 835 612 essa
849 553 1022 634 quiescant,

255 636 372 714 Sparsa
386 652 443 714 per
455 633 636 696 Ambracias
652 649 732 710 quae
743 635 866 698 iacuere
879 637 956 700 vias.

211 721 349 798 Nataque
362 727 395 780 ut
407 717 564 780 Aeacidae
578 718 686 778 iaculis
701 719 842 780 moriaris
855 720 989 784 adactisr

251 805 319 866 Non
333 803 403 864 licet
417 803 476 862 lroc
491 799 593 861 cereri
608 799 802 862 dissimulare
816 819 946 866 sacrum.

148 901 201 957 305
214 888 316 963 thue
330 900 428 961 nepos
444 883 516 946 dicti
530 889 638 945 nestro
652 883 745 948 medo
760 887 894 950 carmine
907 889 990 964 regis

254 968 466 1031 cantharidum
481 981 576 1030 sucos
592 967 684 1030 dante
698 973 825 1044 parente
837 969 936 1032 bibas.

209 1057 273 1115 Aut
286 1053 338 1128 pia
353 1058 384 1112 te
399 1065 493 1114 caeso
509 1050 627 1114 dicatur
640 1051 778 1113 adultera
785 1099 796 1128 ,.
814 1054 893 1116 sicut

251 1138 316 1212 Qua
330 1135 440 1197 cecidit
453 1135 579 1199 Leucon
594 1134 733 1212 vindice,
750 1136 832 1199 dicta
845 1138 897 1214 pia
911 1146 968 1201 est.

210 1222 306 1300 Inque
320 1223 431 1299 pyram
443 1227 544 1282 tecum
558 1217 719 1280 carissimu
732 1235 865 1297 corpora
878 1223 987 1298 mittas,

146 1309 200 1366 310
255 1304 349 1379 Quem
363 1303 457 1366 linem
470 1304 552 1364 vitae
566 1301 797 1380 Sardanapalus
812 1303 913 1366 habet.

209 1388 311 1464 thue
324 1388 408 1456 Iovis
422 1386 531 1465 Libyci
543 1389 690 1464 templum
703 1387 820 1448 violare
835 1395 988 1467 parantes,
1000 1432 1001 1435 ,

250 1472 329 1532 Acta
342 1477 417 1532 nott)
429 1472 530 1532 vultus
546 1470 659 1532 condat
673 1483 768 1531 arena
780 1478 861 1534 tuos.
940 1533 941 1540 p

209 1553 309 1632 thue
323 1561 501 1618 necatorum
514 1554 606 1616 Darei
621 1553 728 1616 iraude
744 1555 880 1630 secundi,

254 1635 306 1697 Sic
319 1641 371 1698 tua
386 1635 552 1698 subsidens
567 1637 695 1698 devoret
710 1653 765 1699 cra
780 1637 867 1698 cinist
937 1712 940 1718 Ι

142 1719 195 1776 315
208 1722 271 1782 Aut
283 1724 316 1781 ut
330 1719 470 1781 olivifera
485 1720 642 1796 quondam
657 1719 793 1798 Sicyone
806 1722 946 1798 proiecto

248 1801 293 1864 Sit
307 1803 402 1880 frigus
416 1803 522 1865 mertis
538 1819 633 1866 causa
647 1805 807 1880 famesque
820 1811 902 1866 tuae.

204 1889 268 1948 Aut
281 1893 315 1948 ut
330 1886 485 1949 Atarnites
499 1886 619 1949 insutus
633 1887 715 1964 pelle
728 1887 851 1950 iuvenci

246 1969 386 2046 Turpiter
403 1971 444 2031 ad
459 1969 615 2034 dominum
629 1969 747 2046 praeda
761 1970 862 2032 ierare
871 1978 967 2047 tuum.

207 2053 304 2128 lnque
317 2061 370 2115 tuo
385 2053 518 2116 thalamo
532 2055 591 2117 ritu
608 2055 745 2130 iugulere
759 2053 895 2130 Pheraei,

141 2128 195 2188 auo
250 2133 306 2210 Qui
321 2136 413 2198 datus
427 2145 476 2200 cst
489 2139 550 2199 leto
567 2137 707 2213 coniugis
722 2152 799 2198 ense
813 2153 900 2199 suec.

208 2217 354 2298 Quasque
368 2221 571 2296 parastados,
587 2227 621 2282 ut
633 2219 816 2284 Larissaeus
830 2221 948 2286 Aleuas

247 2302 382 2362 Vulnere
397 2319 458 2364 non
473 2303 556 2365 fidos
570 2302 732 2380 experiare
745 2309 809 2366 tac.

206 2385 306 2459 thue
320 2384 432 2460 Milon,
449 2384 505 2448 sub
522 2401 582 2464 quo
598 2386 735 2448 cruciata
748 2394 796 2448 est
810 2385 882 2448 Pisa
895 2393 1038 2466 tyranne,
1075 2411 1082 2415 ·
1105 2427 1106 2430 =

243 2465 343 2528 Vivus
357 2468 389 2528 in
404 2470 540 2530 occultas
556 2469 769 2546 praecipiteris
784 2487 893 2546 aquas.

136 2550 190 2610 eit
205 2549 350 2626 Quaeque
364 2551 396 2610 in
410 2550 605 2616 Adimantum
619 2551 754 2618 Phliasia
765 2567 863 2630 regua
872 2560 1024 2631 tenentem
1093 2581 1137 2603 -··

242 2635 359 2696 Alere
373 2640 535 2709 venerum,
551 2641 582 2696 te
596 2651 722 2714 quoque
735 2639 798 2699 tela
810 2643 924 2714 petant.

200 2716 263 2777 Aut
275 2723 309 2778 ut
321 2717 521 2780 Amastriacis
537 2718 692 2796 quondam
708 2719 851 2782 Lenaeus
864 2720 903 2783 ab
920 2719 984 2782 cris
1037 2779 1041 2783 .

239 2801 346 2862 Nudus
361 2798 501 2864 Achillea
515 2802 691 2865 destituaris
704 2802 809 2866 humo.

200 2883 302 2959 thue
318 2887 364 2945 vel
377 2883 573 2962 supremas
586 2891 633 2948 ter
648 2887 759 2950 circum
774 2884 867 2949 busta
880 2885 1031 2961 Thrasylli

133 2976 188 3032 aaa
240 2963 296 3026 Est
308 2966 483 3029 Larissacis
495 2974 603 3046 raptus
618 2967 657 3030 ab
671 2969 762 3031 hoste
776 2971 863 3044 retis,

200 3048 260 3108 Vel
276 3049 343 3124 qui,
361 3065 440 3126 quae
454 3051 554 3114 luerat
567 3059 681 3116 tutatus
695 3053 819 3116 muenia
832 3067 938 3130 saepe,
1041 3091 1044 3096 -

243 3131 378 3208 corpore
391 3133 534 3197 lustravit
547 3151 610 3198 non
626 3135 769 3200 dluturna
783 3153 852 3211 sue,

198 3213 300 3290 thue
314 3231 429 3278 nevum
442 3231 541 3295 passa
555 3236 655 3297 genus
668 3218 917 3299 Hippomeneide
930 3229 1055 3296 poenae

238 3297 364 3361 Tractus
379 3300 411 3361 in
425 3301 543 3364 Actaea
556 3303 652 3366 fertur
665 3303 784 3366 adulter
797 3303 903 3378 humo,
941 3315 942 3318 ’

131 3385 185 3441 ³35
199 3375 265 3452 Sic,
282 3379 334 3442 ubi
348 3382 412 3444 vitu
426 3391 497 3446 tuos
510 3384 613 3447 invisa
625 3386 782 3464 reliquerit
795 3392 891 3460 artus,
