2520 4012
442 253 500 327 ru,
523 248 577 324 11,
599 247 721 326 4-12,
742 249 773 312 4.

216 406 256 465 Et
270 403 359 464 dictis
376 409 456 460 ortes
473 403 655 462 conciliasse
671 417 760 462 suas:

175 489 318 548 ‘Munere
332 485 363 542 in
378 484 527 558 hoo,'rex,
544 492 592 544 est
604 499 681 544 usus
700 487 757 544 sed
771 487 902 562 imagine
917 489 1022 561 maior,

216 571 279 630 Nec
294 569 362 628 solu
377 574 425 627 est
439 569 542 642 operis
558 570 655 627 forma
670 569 830 642 probanda
844 571 912 631 mei.

127 653 303 729 conspicis
318 669 338 710 a
352 651 461 712 dextra
475 653 555 710 latus
570 651 630 710 hoc
645 653 812 726 adapertile
827 654 927 714 tauri?
1041 725 1044 732 Ι

221 738 288 796 Huc
301 733 365 806 tibi,
381 749 472 808 quem
486 734 609 809 perdes,
626 733 824 797 coniciendus
840 739 904 797 erit.

178 820 319 880 Protinus
334 818 485 876 inclusum
499 818 588 876 lentis
605 817 790 880 carbonibus
805 837 874 880 ure:

219 903 341 975 Mugiet
357 901 467 958 elueri
482 916 543 959 vox
558 902 615 959 erit
628 901 680 960 illu
696 902 794 962 bovis.

178 985 236 1045 Pro
253 985 364 1059 quibus
380 983 521 1055 inventis
535 991 569 1044 ut
583 1000 694 1044 munus
710 1001 835 1046 munere
849 996 973 1063 penses,

127 1082 164 1138 50
192 1123 195 1130 .
219 1068 273 1140 Da,
288 1082 408 1141 precor,
424 1067 546 1140 ingenio
562 1068 697 1142 praemia
712 1069 915 1142 digna-meol’

179 1153 313 1211 Dixerat.
334 1157 366 1209 at
378 1147 515 1208 Phalaris
530 1149 664 1209 ‘Poenae
678 1152 816 1211 mirande
829 1162 977 1228 repertor,

220 1235 293 1308 Ipse
307 1241 391 1293 tuum
406 1248 556 1306 praesens
572 1233 683 1292 imbue’
699 1233 775 1294 dixit
789 1240 881 1310 ‘opus
891 1243 910 1294 ε’

178 1318 241 1376 Nec
256 1331 349 1388 mora,
367 1317 543 1377 monstratis
558 1317 719 1376 crudeliter
732 1318 852 1392 ignibus
867 1327 955 1380 ustus

217 1399 362 1460 Exhibuit
375 1400 513 1472 geminos
530 1414 583 1460 ore
596 1405 744 1460 tremente
757 1417 863 1462 sonos.

125 1495 162 1546 55
177 1483 256 1557 Quid
270 1483 342 1541 milri
357 1497 426 1542 cum
442 1481 553 1542 Siculis
568 1482 647 1542 inter
662 1481 879 1561 Scythiamque
894 1487 1070 1564 Getasque?

217 1566 267 1625 Ad
281 1571 320 1639 te,
336 1565 478 1640 quisquis
492 1566 519 1625 is
535 1581 578 1638 es,
597 1572 704 1626 nostra
718 1569 854 1641 querella
867 1571 955 1628 redit.

175 1649 276 1724 thue
291 1650 370 1708 sitim
386 1657 490 1709 nostro
507 1649 611 1723 possis
628 1651 752 1723 explere
768 1665 885 1726 cruore,

218 1731 397 1807 Quantaque
413 1733 470 1807 vis,
487 1733 579 1793 uvido
595 1732 708 1806 gaudia
723 1734 817 1794 corde
831 1736 928 1795 ieras:

176 1817 233 1877 Tol
246 1817 325 1876 mala
340 1831 408 1877 sum
423 1818 543 1890 lugiens
559 1817 675 1886 tellure,
691 1822 736 1877 tot
750 1833 887 1892 aequore
900 1835 1023 1894 passus,

124 1914 161 1968 ao
215 1901 257 1960 Te
273 1916 398 1976 quoque
411 1908 445 1960 ut
460 1898 571 1959 auditis
586 1915 683 1974 posse
698 1900 802 1960 dolere
817 1909 929 1977 putem.

177 1983 273 2043 Crede
287 1984 368 2056 mihi,
384 1983 411 2042 si
427 1984 466 2043 sit
480 1983 569 2043 nobis
586 1985 714 2044 collatus
729 1985 844 2057 Ulixes,

213 2068 345 2143 Neptuni
359 2068 456 2126 minor
470 2074 526 2142 est,
543 2081 634 2142 quam
648 2068 730 2127 Iovis
745 2069 790 2126 ira
804 2069 867 2128 luit.

173 2151 257 2226 Ergo
273 2152 456 2227 quicumque
471 2167 515 2223 ee,
531 2151 709 2210 rescindere
725 2151 850 2210 crimine
864 2153 936 2225 noli,

215 2236 325 2309 Deque
337 2237 422 2309 gravi
437 2236 530 2294 duras
545 2236 670 2294 vulnere
684 2235 756 2294 tolle
770 2251 888 2295 manus.

124 2325 158 2380 65
171 2319 273 2394 thue
287 2335 374 2379 meae
392 2321 502 2379 lamam
516 2326 641 2380 tenuent
655 2317 767 2378 oblivia
783 2321 901 2394 culpae,

207 2402 308 2462 vFacta
324 2403 495 2464 cloatricem
510 2403 623 2464 ducere
639 2410 745 2464 nostra
759 2404 835 2464 sine.

174 2487 394 2563 Humanaeque
409 2503 526 2548 mernor
540 2488 640 2560 sortis,
658 2504 737 2563 quoe
751 2489 827 2548 tollit
841 2487 969 2548 eosdem

215 2571 383 2646 expremit,
400 2572 531 2632 incertas
547 2573 615 2646 ipse
630 2574 850 2632 vererevices!
898 2644 900 2649 ³
1078 2639 1079 2644 ἵ

172 2655 210 2714 ut
225 2657 376 2730 quonium,
391 2656 457 2715 lleri
472 2657 556 2731 quod
569 2672 733 2731 numquam
748 2670 846 2730 posse¹
859 2653 971 2728 putavi,

118 2747 154 2803 '1¹0
208 2737 264 2798 Est
276 2741 329 2798 tibi
344 2741 384 2799 de
397 2739 490 2800 rebus
505 2741 638 2799 maxima
652 2755 726 2798 cura
738 2738 830 2796 meis:

172 2821 239 2882 Non
255 2831 302 2882 est
317 2825 401 2898 quod
415 2823 532 2884 timeas.
556 2824 676 2884 fortuna
690 2819 860 2881 miserrima
874 2825 980 2878 nostra
994 2824 1050 2892 est,

212 2902 307 2964 Omne
322 2907 413 2967 trahit
427 2924 532 2967 secum
546 2906 685 2967 Caesaris
701 2905 746 2963 ira
760 2905 881 2964 malum.

174 2987 261 3060 Quod
275 2991 372 3064 magis
387 2998 421 3051 ut
434 2991 558 3066 liqueat,
573 3005 651 3049 neve
665 2988 725 3049 hoc
741 3004 799 3063 ego
814 2989 931 3062 lingere
947 2985 1064 3062 credar,

212 3073 293 3147 lpse,
307 3074 407 3149 velim,
423 3090 542 3148 poenas
558 3075 718 3147 experiare
733 3087 826 3131 meas.

88 3204 158 3296 12·
170 3199 305 3314 frigora
319 3240 380 3300 iam
395 3241 522 3318 zephyri
538 3241 684 3312 minuunt,
701 3252 844 3312 annoque
858 3242 983 3312 peracto

209 3323 344 3400 Longior
362 3323 489 3399 intepuit
506 3324 574 3382 visa
588 3319 713 3390 Tomitis
731 3320 844 3380 hiems=
936 3399 940 3406 ι

171 3403 406 3483 Inpositumque
421 3408 479 3468 sibi
494 3407 546 3484 qui
560 3423 622 3476 non
636 3409 715 3465 bene
730 3403 852 3478 pertulit
865 3403 981 3475 Hellen,

212 3490 365 3566 Tempora
379 3490 536 3553 nocturnis
551 3505 651 3564 aequa
666 3487 775 3548 diurna
788 3487 869 3546 lacit.
889 3509 892 3515 ·
