2524 4004
153 190 216 256 rto
543 185 602 246 un
621 146 770 248 rouro

67 355 68 358 ’
184 350 219 406 45
234 343 306 420 ipsc
322 340 447 416 quidem
457 335 562 404 Getico
578 351 703 414 peream
718 335 847 397 violatus
862 335 901 396 eb
916 353 1020 414 arcu..

274 425 313 486 lit
326 424 366 484 sit
378 421 493 498 periuri
509 435 601 498 quom
614 435 713 497 prope
727 434 838 496 poena,
859 419 981 481 vides...

234 511 277 570 Te
292 508 351 568 nisi
367 505 529 570 momentis
543 505 636 566 video
651 517 751 580 paene
767 502 906 570 omnibus
923 503 1047 566 absens.

277 591 380 652 Gratia
394 589 452 666 dis,
471 589 564 652 menti
580 587 714 663 quolibet
728 583 773 646 ire
786 586 868 648 licet·

233 677 299 736 Hac
313 673 366 735 ubi
379 673 517 751 perveni,
536 671 610 734 nulli
625 670 808 743 cernendus,
831 671 862 730 in
876 669 999 745 Urbem,

184 770 220 824 sc
275 758 377 836 Saepe
391 758 504 833 loquor
516 763 632 827 tecum,
655 769 750 832 saepe
764 753 910 830 loquente
925 754 1034 832 fruor.-

213 845 310 916 uum
323 841 407 916 mibi,
421 839 545 902 difficile
559 845 614 912 est.
632 854 724 913 quam
735 837 775 900 sit
785 837 875 914 bone,
890 837 1000 912 dicere,
1018 854 1173 916 quormque
1247 815 1258 876 ‘

273 924 414 988 ‘Candide
427 921 548 986 iudiciis
562 921 640 984 hore
653 921 693 987 sit
706 923 759 984 ille
772 920 860 994 mois,

233 1011 309 1071 Tum
322 1023 381 1082 me,
402 1007 429 1068 si
444 1022 506 1082 qua
519 1005 609 1081 fides,
631 1006 756 1068 caelesti
770 1005 847 1066 sede
860 1009 1016 1082 receptum

273 1093 347 1160 cunt
360 1090 523 1152 fortunatis
538 1090 682 1166 suspicor
694 1105 766 1152 esse
781 1089 859 1150 deis.
1005 1161 1008 1164 ¹

182 1187 217 1241 55
230 1176 349 1242 Rursus
363 1174 417 1236 ubi
429 1173 489 1236 buc
503 1173 589 1248 redii,
612 1173 730 1236 eoelum
745 1185 940 1250 superosque
956 1172 1106 1252 relinquo,

272 1261 303 1322 Α
317 1257 414 1337 Styge
428 1273 485 1318 nec
499 1257 591 1332 longe
604 1257 730 1320 Pontice
744 1257 836 1320 distet
850 1256 970 1320 humus.

231 1342 322 1404 Unde
336 1356 394 1417 ego
410 1342 437 1403 si
452 1342 514 1402 leto
530 1341 609 1402 nitor
622 1341 804 1418 prohibente
818 1340 939 1413 reverti,

273 1424 367 1502 Spem
381 1424 450 1488 sine
463 1424 611 1502 proiectu,
632 1424 774 1498 Maxime,
795 1423 868 1486 tolle
883 1423 965 1484 mihi.

179 1559 220 1653 θ.
233 1554 324 1651 Naso
340 1579 407 1663 suo,
429 1603 542 1650 nomen
556 1587 660 1665 posuit
674 1588 723 1650 cui
737 1605 846 1666 poene,
870 1588 970 1650 sodali

273 1672 362 1734 Mittit
375 1671 414 1732 eb
428 1670 556 1734 Euxinis
571 1671 632 1732 hoe
647 1670 740 1734 breve
756 1686 878 1736 carmen
892 1672 992 1746 aquis.

231 1757 273 1818 At
287 1757 313 1816 si
328 1761 418 1818 cauta
431 1769 537 1832 porum
552 1755 731 1832 scripsisset
744 1755 860 1830 dextre,
883 1755 952 1832 quis
967 1770 1064 1829 esses,

273 1838 414 1902 Forsitan
430 1837 533 1900 cilicio
549 1845 637 1916 parto
651 1838 788 1914 querella
800 1840 888 1900 ioret.

203 1935 220 1990 t
234 1923 294 1986 Cur
307 1930 418 1998 temen,
436 1921 496 1982 hoe
510 1921 577 1984 aliis
591 1929 687 1984 tutum
702 1923 906 1998 erodentibus,
926 1939 1013 1998 unus,

275 2005 441 2084 Appellent
455 2021 495 2066 ne
507 2012 539 2067 te
552 2005 686 2068 omnine
699 2014 814 2080 nostro,
836 2013 949 2082 roges?
1248 1977 1258 2042 ⁴

232 2090 351 2166 Quanta
365 2089 405 2151 sit
418 2089 564 2156 inmodin
577 2090 738 2152 clementio
752 2089 892 2151 caesoris
906 2091 959 2164 irs,
1087 2113 1089 2118 ·

271 2173 319 2235 Ex
333 2188 392 2249 me,
412 2173 439 2234 si
453 2175 565 2246 nescis,
589 2173 700 2236 certior
714 2187 786 2236 esse
800 2180 900 2250 potes.

230 2256 308 2320 Huic
323 2272 393 2332 ego„
415 2271 504 2333 quam
520 2256 628 2334 patior,
647 2257 690 2319 nil
703 2273 830 2333 possem
845 2258 967 2322 demere
981 2269 1113 2334 poenae,

183 2353 218 2407 10
274 2339 307 2401 Si
321 2340 413 2402 iudex
428 2340 527 2404 meriti
541 2355 670 2416 cogerer
683 2355 755 2404 esse
769 2343 839 2404 mei.
944 2401 946 2404 .

230 2423 298 2484 Non
312 2429 394 2484 votat
408 2423 458 2484 ille
472 2423 521 2486 sui
536 2439 720 2500 quemquern
735 2425 913 2488 meminisse
926 2425 1052 2499 sodalis,

271 2506 334 2568 Nec
344 2503 492 2583 probibet
504 2505 558 2569 tibi
573 2523 621 2568 me
636 2507 781 2583 scribere,
801 2514 894 2584 teque
908 2507 990 2568 mibi.

230 2588 413 2652 Necscelus
428 2590 579 2665 admittes,
601 2592 628 2652 si
643 2591 815 2654 consoleris
829 2591 968 2664 amicum,
1027 2610 1030 2625 ·

271 2671 414 2736 Mollibus
430 2679 460 2734 et
469 2673 575 2736 ¹verbis
588 2690 700 2750 aspero
715 2673 776 2736 iota
790 2675 885 2736 leves.

181 2765 215 2819 15
229 2757 296 2829 Cur,
319 2757 393 2820 dum
406 2763 470 2819 tute
482 2757 580 2833 umes,
602 2758 678 2820 iscis
693 2764 726 2818 ut
738 2758 910 2820 reverentie
924 2757 994 2818 talis

268 2838 337 2902 Fiet
350 2841 381 2902 in
394 2841 554 2917 Augustos
568 2841 722 2913 invidioso
736 2840 835 2902 deost

181 2985 182 2988 ,
228 2919 375 2984 Fulminis
391 2921 523 2988 udllstos
537 2924 688 2986 interdum
702 2924 806 2986 vivere
820 2923 889 2985 telis

269 3005 420 3080 Vidimus,
438 3007 578 3082 cirenei,
601 3023 663 3070 non
678 3005 858 3084 prohibente
874 3006 956 3068 love.

229 3088 300 3162 Nec,
324 3083 564 3168 ediderimus
579 3107 689 3154 navem
703 3091 853 3152 moereret
866 3087 973 3162 ultus,

178 3173 216 3229 to
269 3171 442 3236 Leucothee
456 3175 539 3236 nenti
553 3174 633 3236 ferre
648 3174 772 3252 negavit
789 3189 891 3251 opem.

230 3253 327 3315 crede
341 3255 422 3333 mibi,
441 3257 562 3322 miseris
578 3258 723 3320 caelestia
736 3259 860 3320 numina
874 3261 1011 3333 percunt

270 3338 333 3400 Nec
347 3353 471 3417 semper
484 3341 587 3404 laesos
601 3349 632 3402 et
646 3342 713 3404 sine
728 3341 790 3402 fine
805 3345 954 3418 premunt.

229 3419 368 3502 Principe
382 3439 439 3485 nec
454 3429 560 3488 nostro
575 3425 652 3487 dens
668 3431 715 3486 est
729 3425 916 3488 moderatior
930 3424 1028 3484 ubusr
