2524 4004
484 261 525 335 u,
549 255 726 351 rar-sn.
1049 264 1114 333 aas

109 406 272 476 acernam
287 425 395 470 amans
410 410 509 474 hostis
524 411 677 486 precibus,
701 415 870 492 pretioque,
892 416 1058 493 minisque·
1152 439 1155 452 ⁴

217 495 282 553 Nec
295 509 398 569 prece,
413 509 471 554 uec
487 496 594 570 pretio,
612 509 669 554 nec
683 504 787 558 movet
800 500 851 558 ille
860 501 964 561 minis.

177 579 236 638 ‘Nil
252 577 333 652 agis!
356 576 496 651 eripiam’
512 577 588 636 dixit
601 583 671 652 ‘per
685 579 932 643 criminantem:
970 583 974 590 “

216 660 325 721 Falsus
341 661 481 720 adulterii
500 661 588 720 testis
602 661 722 722 adulter
736 678 799 723 erc.

145 743 146 748 ’
177 745 350 804 Interimam
365 744 525 819 tantulum,
548 759 694 822 cumque
710 745 865 822 deprensa
879 750 1012 812 tarenis!

102 835 164 890 -810
220 827 384 889 Succubuit
406 827 600 887 lamae'victa
614 829 717 902 puella
731 837 821 891 matu.

180 911 273 985 Quid,
297 911 405 985 victor,
428 910 569 985 gandest
587 911 665 972 hacc
679 919 711 992 te
723 914 982 992 victoriaperd'et.

218 995 285 1054 Heu
302 1000 414 1068 quanto
428 994 532 1068 regnis
546 1011 610 1054 nox
627 995 708 1055 stetit
724 1015 783 1058 una
796 1000 871 1059 tuis!

177 1077 302 1151 lamque
319 1085 385 1138 erat
399 1084 467 1137 orta
482 1077 559 1138 dies.
595 1079 699 1152 passis
715 1082 804 1141 sedet
817 1083 869 1142 illa
884 1085 1013 1158 capillis,

217 1162 258 1222 Ut
272 1163 352 1221 solet
366 1161 407 1223 ad
422 1161 484 1220 nati
499 1169 595 1222 mater
611 1162 688 1221 itura
701 1178 826 1237 rugum:
1068 1223 1072 1234 ,

110 1249 163 1305 815
180 1243 454 1320 Grandaevumque
470 1251 587 1320 patrem
601 1245 664 1304 fido
680 1259 749 1304 cum
765 1247 896 1321 coniuge
911 1249 1019 1310 castris

163 1323 174 1344 ““
216 1327 342 1387 Evocat.
379 1335 409 1387 ct
423 1329 526 1403 posita
541 1329 623 1405 venit
637 1335 765 1403 uterque
779 1345 875 1389 mora.

83 1465 85 1467 ,
178 1411 279 1486 thue
294 1411 398 1471 vident
412 1411 562 1489 habitum,
586 1427 665 1487 quae
682 1413 783 1472 luctus
797 1429 907 1486 causa,
923 1415 1092 1490 requirunt,

220 1494 273 1554 Cui
287 1501 375 1570 paret
388 1496 556 1570 exequias,
581 1511 684 1570 quove
700 1496 739 1556 sit
752 1497 811 1556 icta
827 1497 931 1558 malnt
1046 1499 1049 1504 '
1112 1495 1113 1500 ’

122 1576 126 1590 “
178 1577 232 1636 illa
248 1578 299 1638 diu
313 1579 433 1652 reticet,
457 1578 700 1654 pudibundaque
718 1582 796 1640 celat
810 1582 922 1641 ainictu

112 1672 166 1726 820
221 1660 288 1720 Ora.
319 1660 417 1722 fluunt
430 1663 574 1722 lacrimae
588 1677 674 1724 more
688 1665 833 1738 perennis
848 1681 956 1738 aquae.

42 1810 44 1814 ,
178 1745 254 1804 Hinc
270 1752 369 1820 pater,
392 1745 462 1808 hinc
478 1747 611 1805 coniunx
626 1749 768 1807 lacrimas
783 1749 936 1822 solantur,
958 1755 987 1806 et
1002 1753 1090 1808 orant

107 1897 109 1901 .
218 1829 349 1902 indicet,
370 1836 400 1889 ct
415 1845 507 1888 cacco
523 1829 658 1906 flentque
672 1838 847 1906 paventque
862 1838 953 1891 metu.

178 1911 235 1970 Ter
249 1917 359 1971 conata
373 1912 472 1986 loqui,
493 1919 539 1972 ter
554 1914 677 1974 destitit.
711 1921 848 1990 ausaque
865 1922 981 1990 quarto,

219 1993 285 2057 Non
306 1997 412 2056 oculos
428 1996 497 2055 ideo
514 1999 635 2057 sustulit
651 1998 802 2058 illasuos.
856 2027 860 2036 ·
950 2041 955 2046 -
1151 2055 1153 2059 ,

62 2135 64 2138 .
110 2087 161 2142 825
177 2077 255 2138 ‘Hoc
272 2095 394 2153 quoque
408 2079 572 2155 Tarquinio
589 2081 789 2142 debebimus?
809 2083 958 2155 eloquar,’
973 2081 1078 2156 inquit,

219 2162 367 2236 ‘Eloquar
380 2162 485 2223 infelix
500 2162 637 2224 dedecus
652 2164 722 2240 ipsa
736 2169 872 2224 meumt'
922 2205 923 2208 ,

178 2245 322 2319 Quaeque
336 2253 453 2321 potest,
466 2254 588 2314 narrat.
624 2249 781 2308 restabant
802 2249 914 2309 ultima.
953 2247 1046 2319 flevit,

217 2329 254 2388 Et
269 2331 452 2390 matronales
468 2332 618 2392 crubuere
633 2348 741 2407 genae.
768 2349 772 2356 ·

105 2411 109 2416 ’
176 2412 255 2472 Dant
268 2413 389 2477 veniam
404 2415 484 2474 lacto
499 2415 620 2490 genitur
635 2416 830 2490 coniunxque
847 2421 980 2474 coactae.
1081 2469 1084 2480 .

70 2521 72 2530 ’
107 2503 160 2560 830
218 2495 340 2570 ‘Quam’
353 2498 430 2558 dixit
444 2499 577 2558 ‘veniam
591 2515 649 2560 vos
666 2500 760 2573 datis,
781 2499 852 2574 ipsa
866 2501 969 2572 nego!

133 2604 136 2610 ·
177 2579 239 2640 Nec
254 2597 353 2652 mora,
377 2583 475 2642 celato
491 2582 558 2642 fixit
572 2599 629 2643 sua
644 2590 771 2658 pectora
785 2584 875 2653 terro,

214 2663 252 2722 Et
270 2664 351 2724 cadit
365 2663 396 2723 in
411 2666 528 2740 patrios
544 2667 778 2741 sanguinulenta
793 2665 899 2739 pedes.

175 2746 258 2808 Tunc
272 2763 404 2823 quoque,
420 2749 480 2809 iarn
491 2751 633 2823 moriens,
650 2764 688 2808 ne
700 2765 762 2808 uon
776 2748 955 2822 procumbat
965 2748 1105 2821 honeste,
1162 2788 1165 2795 ·

216 2831 362 2906 Respicit.
396 2832 474 2892 haec
496 2833 584 2892 etiam
600 2849 673 2892 cura
694 2831 831 2892 cadentis
846 2838 920 2890 erat.
983 2849 1024 2910 ς·

22 2927 25 2941 “
56 2943 59 2949 -
86 2975 88 2979 ,
107 2920 159 2976 835
174 2911 254 2973 Ecce
269 2929 364 2991 super
379 2928 493 2992 corpus
510 2916 682 2976 communia
696 2915 809 2976 damna
823 2920 988 2989 gementes,

216 2993 305 3060 Obliti
321 3000 459 3074 decoris,
475 3000 583 3076 virque
598 3007 745 3076 paterque
761 3001 869 3072 iacent.

173 3078 283 3142 Brutus
298 3082 402 3158 adest,
422 3084 607 3159 tandemque
622 3084 723 3144 animo
739 3099 795 3143 sua
807 3082 933 3143 nomina
947 3081 1031 3155 fallit,

212 3163 350 3241 Fixuquc
370 3167 539 3246 semianimi
555 3183 687 3242 corpore
701 3168 761 3228 tela
775 3166 876 3242 rapit,

50 3293 51 3299 κ
97 3242 104 3258 ‘
174 3245 406 3326 Stillantemque
423 3258 532 3311 tenens
546 3249 700 3326 generoso
715 3250 864 3324 sanguine
878 3251 1004 3310 cultrum

73 3405 77 3410 ,
104 3337 161 3394 840
188 3395 193 3402 ,
212 3331 319 3394 Edidit·
329 3335 504 3410 impavidos
519 3349 573 3395 cre
588 3337 721 3395 minante
733 3349 850 3394 sonos:
876 3373 879 3386 .

174 3409 243 3476 ‘Per
260 3416 315 3478 tibi
329 3435 388 3494 ego
404 3419 485 3480 hunc
499 3419 566 3479 iuro
580 3420 689 3479 fortem
705 3423 886 3491 castumque
900 3429 1049 3484 cruorem,

137 3578 140 3588 Ι
214 3496 419 3576 rar-quatuos
432 3495 554 3578 manca,
571 3502 707 3578 quimihi
721 3517 831 3560 numen
845 3506 940 3618 crunt,
