2520 4008
92 321 100 342 ¹
154 237 198 304 80
549 235 776 298 retsrmu
812 293 815 298 ,
929 317 932 324 ¹

178 441 219 534 3·
239 440 297 536 llla
311 475 378 536 dies
393 475 470 534 haec
485 457 546 546 est}
565 478 668 548 quate
683 471 838 532 celebrare
852 481 1006 548 poetae...

283 557 316 619 Si
330 559 422 620 modo
437 575 498 619 non
516 558 623 620 fallunt
635 563 804 631 tempora..·.
821 557 958 633 Bacche,
975 560 1084 638 solent,

239 644 393 716 Festaque
408 642 544 704 odoratis
559 640 715 700 innectunt
728 643 867 715 tempora
881 642 981 717 sertis,

283 726 320 787 Et
335 727 438 787 dieunt
452 724 560 785 laudes
576 723 616 782 ad
631 731 684 784 tua
698 723 769 783 vina
784 730 862 784 tuas.

212 811 324 870 slnter
340 825 435 886 quos,
451 807 587 879 memini,
603 807 676 867 dum
690 823 739 866 me
754 823 822 867 mea
837 809 898 868 lata
913 807 1062 882 sinebant,

280 894 346 954 Non
361 895 462 952 invisa
474 891 527 949 tibi
542 905 614 966 pars
629 905 686 964 ego
702 906 797 966 saepe
811 891 863 964 lui,

242 976 336 1050 Quem
351 990 431 1036 nune
447 974 641 1051 suppositum
656 975 752 1034 stellis
768 974 980 1050 Cynosuridos
995 977 1094 1038 Ursae

281 1061 387 1121 Iuncta
400 1065 483 1120 tenet
497 1057 600 1118 crudis
616 1057 762 1118 Sarmatis
778 1075 832 1119 ora
848 1059 941 1119 Getis.
1245 1088 1246 1146 p

243 1143 361 1220 Quique
375 1144 461 1220 prius
476 1143 598 1203 mollem
612 1156 803 1217 vacuamque
817 1143 973 1203 laboribus
988 1145 1036 1218 egi
1245 1147 1246 1160 ¹

191 1238 226 1292 10
281 1228 315 1286 ln
331 1227 439 1288 studiis
454 1225 547 1285 vitam
561 1225 776 1301 Pieridumque
792 1225 896 1299 choro,

174 1311 176 1315 ’
241 1311 326 1371 Nunc
341 1309 449 1386 procul
464 1326 483 1369 a
497 1310 595 1384 patria
610 1309 722 1370 Getieis
739 1309 948 1372 circumsonor
963 1311 1064 1386 armis,

181 1454 186 1468 ,
283 1395 378 1456 Multa
392 1394 477 1470 prius
491 1394 601 1468 pelago
616 1394 771 1468 multaque
785 1411 898 1470 passus
913 1393 1015 1455 humo.

243 1479 316 1553 Sive
330 1477 402 1538 mihi
418 1493 524 1551 casus,
541 1479 608 1537 sive
627 1476 686 1536 hoc
703 1477 787 1537 dedit
800 1479 846 1537 ira
861 1480 995 1554 deorum,

282 1561 391 1638 Nubila
405 1561 543 1622 nascenti
558 1577 613 1621 seu
629 1559 701 1620 mihi
715 1560 811 1620 Parca
826 1561 889 1635 luit,

195 1655 226 1709 15
240 1647 284 1708 Tu
298 1653 398 1706 tamen
413 1659 431 1703 e
446 1645 542 1705 sacris
557 1643 692 1704 hederae
708 1645 875 1706 cultoribus
890 1661 984 1706 unum

282 1729 409 1790 Numine
425 1727 576 1789 debueras
591 1728 776 1789 sustinuisse
790 1736 852 1789 tuo.

242 1813 292 1874 An
308 1812 450 1874 dominae
464 1811 517 1872 fati
532 1812 678 1888 quicquid
693 1813 832 1873 cecinere
846 1828 979 1885 sorores,

287 1896 382 1957 Omne
397 1895 454 1956 sub
469 1895 592 1956 arbitrio
609 1897 721 1957 desinit
735 1913 807 1957 esse
822 1897 893 1956 dell

242 1981 314 2056 lpse
331 1993 456 2054 quoque
471 1979 621 2041 aetherias
639 1981 752 2041 meritis
768 1982 907 2042 invectus
922 1996 956 2040 es
972 1995 1071 2052 arces,
1247 2004 1248 2090 b

192 2075 228 2130 ao
263 2080 267 2086 ·
304 2062 369 2137 Quo
385 2079 446 2124 non
462 2063 573 2138 exiguo
589 2065 670 2125 iacta
684 2064 854 2140 laborovia
869 2071 924 2124 est.
1247 2091 1248 2098 ¹

242 2148 305 2208 Nec
320 2147 419 2222 patria
433 2153 480 2206 est
494 2145 629 2208 habitato
643 2147 712 2223 tibi,
728 2149 785 2208 sed
800 2149 943 2222 adusque
957 2146 1100 2208 nivosum

286 2230 451 2308 Strymona
465 2231 575 2292 venisti
590 2230 841 2306 Marticolamque
856 2231 959 2306 Geton,

244 2314 433 2388 Persidaque
447 2320 477 2372 et
491 2315 551 2374 lato
568 2315 751 2390 spatiantem
766 2315 892 2377 flumine
908 2314 1043 2389 Gangen,

285 2397 322 2456 Et
338 2411 547 2472 quascumque
560 2397 636 2458 bibit
650 2399 786 2459 discolor
800 2399 894 2459 Indus
910 2415 1017 2474 aquas.

194 2491 229 2546 25
244 2478 367 2540 Scilicet
380 2479 460 2540 hane
475 2481 574 2556 legem
589 2487 697 2542 nentes
712 2483 815 2543 fatalia
828 2482 942 2543 Parcae

288 2561 423 2625 Stamina
435 2563 483 2624 bis
497 2566 597 2639 genito
612 2565 661 2626 bis
678 2566 816 2626 cecinere
831 2566 893 2625 tibi.

244 2647 448 2723 nequaque,
465 2649 492 2707 si
508 2649 554 2708 las
570 2655 617 2709 est
631 2650 780 2725 exemplis
796 2650 840 2709 ire
855 2650 991 2723 deorum,

286 2731 397 2792 Ferrea
412 2747 480 2793 sors
495 2731 576 2793 vitae
591 2733 788 2808 difficilisque
802 2734 919 2809 premit.

241 2816 296 2877 lllo
312 2831 369 2875 nec
384 2816 481 2876 levius
498 2816 608 2888 cecidi,
631 2833 720 2892 quem
736 2832 846 2894 magna
860 2820 992 2877 locutum

194 2909 229 2966 ao
283 2898 429 2972 Reppulit
444 2915 463 2957 a
476 2898 587 2960 Thebis
602 2899 739 2976 Iuppiter
753 2903 822 2976 igne
838 2916 905 2961 suo.

244 2979 285 3044 Ut
297 2987 398 3040 tamen
414 2981 526 3042 audisti
539 2999 720 3058 percussum
734 2985 858 3045 fulmine
875 2991 983 3057 vatem,

286 3063 452 3124 Admonitu
467 3067 571 3126 matris
587 3068 786 3130 condoluisse
800 3075 906 3144 potes·

244 3145 283 3206 Et
297 3154 400 3222 potes,
417 3149 571 3224 aspiciens
587 3151 699 3211 circum
714 3159 767 3212 tua
781 3167 872 3213 sacra
886 3158 1004 3228 poetas,

288 3229 410 3292 ‘Nescio
427 3234 495 3307 quis
510 3235 618 3294 nostri’
634 3236 737 3295 dicere
752 3237 863 3298 ‘cultor
877 3236 987 3296 abest!

194 3318 229 3373 35
242 3313 315 3384 Fer,
330 3313 412 3375 bone
425 3315 529 3392 Liber,
545 3334 644 3393 opem.
681 3321 727 3380 sie
741 3321 837 3380 alteru
852 3321 998 3395 degravet
1012 3317 1131 3380 ulmum

283 3396 362 3458 Vitis
378 3404 407 3456 et
421 3397 538 3460 incluso
554 3402 646 3475 plena
659 3403 698 3463 sit
712 3419 773 3464 uva
788 3419 887 3465 meroz

244 3477 295 3540 Sic
310 3479 363 3540 tibi
380 3496 447 3541 cum
461 3481 592 3546 Bacchis
611 3485 791 3564 Satyrorum
806 3502 907 3564 gnava
922 3486 1065 3548 iuventus
