2524 4004
448 213 521 314 n,
541 237 720 304 tta-544.
873 309 875 312 J
1032 189 1109 304 'aas

179 390 286 464 lussit,
303 396 333 450 et
346 391 377 450 in
391 398 498 451 tennes
514 391 610 452 oeulis
622 395 746 454 evanuit
758 411 861 456 auras.

113 484 167 537 515
222 473 379 535 Convocat
392 473 442 534 hie
457 475 605 549 populos,
621 475 768 551 iussaque
783 479 877 538 uerba
886 478 989 537 refert.
1029 521 1039 529 „

178 557 304 633 Templa
318 555 378 618 deo
393 557 476 618 liunt.
506 557 593 616 collis
608 574 733 634 quoque
747 561 847 621 dietus
863 559 901 620 ab
916 560 968 620 illo
983 567 1039 628 est,

218 641 256 702 llll
269 641 405 700 referunt
420 640 493 700 certi
506 655 597 701 saera
614 649 739 715 paterna
754 641 830 703 dieo.

179 725 245 784 Lux
263 721 389 799 quoque
405 738 460 783 our
474 723 582 783 eadem
596 723 764 787 Stultorum
778 728 858 787 leste
871 732 1008 798 vocetur,

216 809 341 883 Aeoipe·
371 821 468 882 parva
483 807 607 881 quidem
621 823 731 884 causa,
747 809 804 870 sed
818 817 890 884 apta
905 809 1021 870 subest.

114 897 166 952 515
180 891 248 952 Ν55
266 889 372 950 habuit
386 889 497 950 doctos
509 890 600 952 lellus
615 893 741 966 antiqua
755 895 900 954 colonos:

220 972 393 1035 Lassabant
405 973 501 1048 agiles
516 987 629 1050 aspera
641 974 722 1035 bella
736 978 831 1038 viros.
847 977 848 980 ’

178 1056 249 1118 Ρ155
264 1057 373 1118 eratin
387 1057 506 1132 gladio,
522 1073 614 1132 quam
629 1073 723 1120 eurvo
738 1060 838 1122 laudis
856 1065 971 1120 aratro:

219 1139 380 1216 Negleetus
397 1140 522 1200 domino
536 1155 636 1214 pauca
649 1142 766 1204 serebat
780 1160 863 1218 ager.

116 1243 123 1251 ’
177 1224 272 1286 Fama
283 1231 385 1284 tamon
400 1230 521 1284 veteres
535 1223 699 1297 iaciebant,
716 1225 798 1286 farra
812 1223 972 1296 metebant,

113 1315 166 1369 520
218 1307 367 1367 Primitlas
384 1307 485 1367 Cereri
501 1307 582 1367 farra
596 1315 716 1368 resecta
731 1309 853 1368 dabant.

178 1390 293 1452 Usibus
308 1390 455 1451 admoniti
471 1389 602 1450 flammis
615 1392 760 1451 torrenda
775 1393 932 1464 dederunt,

218 1475 375 1549 Multaque
388 1481 516 1549 peooato
533 1473 644 1533 damna
658 1475 754 1534 tulere
769 1491 836 1538 suo.

177 1559 253 1618 Nam
266 1557 359 1618 modo
372 1556 536 1620 verrebant
551 1557 655 1632 nigras
670 1574 725 1633 pro
741 1559 821 1620 iarre
835 1558 965 1630 favillas,

214 1642 301 1702 Nuno
315 1641 402 1716 ipsas
416 1640 504 1714 ignes
519 1641 694 1716 corripuere
709 1658 808 1702 55555.

110 1739 163 1793 555
177 1725 273 1788 Facta
283 1724 343 1785 dea
357 1731 405 1785 est
417 1723 548 1784 Fornax.
576 1725 646 1784 laeti
660 1725 796 1787 Fornace
812 1725 913 1787 coloni

219 1807 325 1884 Orant,
340 1815 374 1868 ut
389 1809 494 1882 fruges
509 1815 659 1884 temperet
671 1809 723 1868 illa
737 1825 821 1869 suas.

178 1893 266 1954 Curio
282 1891 423 1966 legitimis
438 1907 519 1952 nuno
533 1891 713 1952 Fornacalia
727 1892 829 1952 verbis
942 1933 945 1938 -

152 2034 154 2037 ,
216 1975 368 2036 Maximus
383 1974 503 2048 indicit,
519 1991 576 2036 neo
591 1981 670 2036 stata
683 1991 772 2036 saera
787 1975 873 2035 iacit:

177 2062 276 2135 inque
292 2061 375 2133 loro,
390 2061 485 2120 multa
500 2060 612 2120 nircum
629 2059 781 2134 pendente
795 2058 915 2132 tabella,

112 2151 165 2204 555
221 2142 364 2217 signatur
377 2149 462 2203 oerta
476 2142 560 2202 ouria
575 2158 716 2218 quaeque
731 2150 812 2203 nota.

177 2226 337 2301 Stultaque
351 2242 425 2301 pars
442 2227 563 2302 populi,
579 2227 712 2300 quaesit
726 2243 783 2286 sua
798 2225 896 2298 ouria,
912 2225 1018 2295 nescit,

220 2309 283 2370 Sed
298 2309 370 2370 lacit
384 2315 521 2369 extrema
535 2323 624 2368 saera
638 2310 734 2369 relata
748 2309 808 2369 die.

156 2441 206 2505 1a.
233 2443 298 2502 no
341 2441 391 2504 aa.
418 2441 482 2503 eo
523 2441 576 2504 ao.
604 2442 663 2502 cc
705 2440 757 2504 aa.
784 2398 1035 2502 nunant-u

175 2559 230 2618 Est
243 2558 342 2618 honor
356 2565 387 2618 et
401 2560 540 2633 tumuliS,
556 2559 672 2620 animas
688 2559 811 2633 placare
824 2565 976 2636 potamos,

216 2641 377 2718 Parvaque
390 2642 421 2701 in
437 2647 591 2702 extructas
605 2657 732 2702 munera
745 2641 824 2700 ferre
839 2658 945 2720 pyrae.

112 2736 162 2792 555
177 2725 274 2784 Parva
288 2733 395 2799 petunt
408 2739 524 2788 manes.
556 2726 652 2801 pietas
667 2739 723 2800 pro
739 2723 832 2783 divite
846 2732 933 2799 grata
947 2730 995 2784 est

117 2871 120 2877 r
216 2807 352 2868 Munere.
383 2825 444 2868 non
459 2810 568 2870 avidos
584 2807 663 2884 Styx
676 2808 768 2868 habet
781 2807 842 2866 ima
857 2807 944 2868 deos.

174 2891 289 2966 Tegula
304 2892 453 2966 porrectis
469 2894 544 2952 satis
559 2899 606 2952 est
620 2893 720 2950 velata
734 2891 867 2964 coronis,

212 2973 250 3034 lit
264 2989 394 3050 sparsae
410 2977 529 3050 fruges,
545 2990 701 3052 parcaque
715 2975 794 3033 mita
809 2975 894 3047 salia,

174 3058 272 3131 Inque
286 3073 370 3118 mero
385 3059 500 3118 mollita
515 3075 615 3131 ceres,
631 3059 795 3133 violaeque
809 3060 943 3118 solutae=

110 3153 162 3209 540
217 3141 301 3200 Haeo
315 3141 428 3202 habeat
442 3143 543 3205 media
556 3148 636 3202 testa
649 3141 755 3202 relicta
769 3141 829 3200 via.

174 3223 237 3284 Nee
251 3225 369 3284 maiora
385 3232 467 3286 veto.
498 3225 555 3286 sed
568 3231 600 3284 et
613 3225 661 3285 his
677 3223 836 3299 planabilis
851 3223 960 3286 umbra
973 3229 1031 3282 est.

215 3307 306 3368 Adde
322 3324 430 3383 preces
438 3304 554 3384 positis
570 3316 600 3369 et
614 3325 671 3368 sua
684 3307 779 3368 verba
793 3308 881 3368 loeis.

173 3387 262 3450 Hune
276 3407 393 3452 morem
408 3392 545 3465 Aeneas,
562 3391 682 3466 pietatis
697 3391 827 3452 idoneus
842 3398 957 3466 auctor,

215 3473 323 3536 Attdlt
336 3475 366 3534 in
381 3481 494 3550 terras,
512 3475 591 3555 iuste
604 3474 724 3549 Latine,
742 3481 820 3535 tuas.
