2524 4004
154 228 218 294 222
310 179 312 186 ¹
378 268 381 269 f
539 222 793 285 rnsronuru

223 379 447 440 Credebant
467 376 590 438 nostrit
577 376 684 436 tollere
698 354 794 450 posse
809 390 911 436 senes.

166 453 169 460 “
239 465 367 523 Graecia
380 459 562 551 principium
576 459 671 520 moris
686 458 750 518 fuit.
785 459 837 518 illa
850 459 991 522 nocentis
1087 547 1088 552 ἵ
1171 453 1175 458 ’
1247 439 1248 458 ³

218 545 374 621 Impia
388 547 448 606 lust
436 551 531 606 iratos
546 557 662 639 ponere
676 542 825 602 lactat
770 537 813 617 pu
813 548 865 602 tat.

237 629 404 690 Actoriden
418 629 527 689 Peleus
535 627 659 702 ,ipsum
678 641 801 700 quoque
814 625 904 685 Pelea
917 626 1011 686 Phoci

186 721 222 778 to
278 713 378 774 Caede
395 729 450 788 per
463 711 648 772 Haemonias
664 709 757 769 solvit
769 710 866 770 Aoust
854 716 904 770 tus
919 726 1027 785 aquas.

236 800 365 857 Vectem
380 795 505 856 frenatis
521 791 681 870 perinane
700 792 887 870 draconibus
901 796 1027 870 Aegeus

278 881 427 940 Credulus
443 879 581 939 inmerita
594 876 728 937 Phasida
742 877 817 936 iuvit
836 893 906 953 ope.
938 884 945 896 ‘

235 962 493 1039 Amphiareiades
507 962 686 1036 Naupactoo
700 960 839 1024 Acheloo
1048 959 1057 968 '

277 1045 384 1108 ‘Solve
398 1061 437 1106 ne
439 1047 498 1106 las'
513 1046 598 1105 dixit.
634 1045 727 1104 solvit
741 1051 771 1103 et
792 1045 842 1104 ille
856 1045 954 1106 netas

185 1140 219 1194 4⁵
233 1135 275 1190 A!
298 1131 423 1190 nimium
437 1130 558 1202 facilcS,
573 1129 624 1204 qui
638 1128 736 1188 tristia
750 1129 877 1188 crimina
891 1129 994 1189 coedis

275 1213 432 1274 Flumineo
447 1215 512 1274 tolli
519 1227 624 1289 posse
638 1228 679 1288 pu
680 1212 751 1308 tetis
740 1220 865 1309 usquo!

235 1297 299 1360 Sed
313 1304 445 1358 tament..
466 1298 582 1372 antiqui
597 1313 636 1357 ne
651 1275 775 1356 nescius
791 1295 909 1356 ordinis
930 1312 1044 1358 erres...
1088 1298 1089 1306 ’

273 1381 404 1455 Primus,
428 1389 538 1455 utcst,
560 1381 624 1440 lani
638 1381 753 1440 mensis
769 1387 798 1440 et
812 1387 882 1440 ante
897 1381 961 1440 fuit

186 1495 192 1503 ·
236 1464 292 1539 Qui
309 1466 448 1539 sequitur
462 1466 583 1536 Ianum,
598 1465 712 1524 veteris
727 1465 781 1523 luit
799 1464 921 1524 ultimus
938 1465 1023 1525 anni.
1090 1529 1091 1532 Ἴ

186 1559 222 1612 bo
277 1549 320 1608 Tu
337 1563 462 1624 quoque
478 1564 651 1621 sacrorum,
673 1547 827 1622 Termine,
843 1549 914 1608 linis
930 1564 1008 1608 eras.

234 1627 351 1692 Primus
367 1632 447 1692 enim
461 1632 526 1692 lani
540 1632 670 1710 mensis,
693 1631 765 1708 quia
779 1633 871 1693 ianua
884 1633 982 1707 prima
996 1639 1052 1694 est

256 1737 259 1742 ¹
277 1715 333 1788 Qui
348 1731 437 1774 socer
453 1723 500 1777 est
514 1715 582 1776 imis
597 1715 752 1788 manibus,
775 1717 854 1776 imus
870 1723 943 1775 erat.
985 1745 987 1747 ·

233 1797 400 1862 Postmodo
417 1800 580 1860 creduntur
595 1801 694 1874 spatio
711 1800 856 1860 distantia
872 1800 964 1876 longo

276 1884 427 1959 Tempora
439 1882 487 1943 bis
504 1885 588 1959 quini
603 1883 801 1966 continuasse
815 1884 882 1942 viri.

491 2066 524 2129 1.
555 2065 818 2128 ΗιΚ·14“ΕΒ·Ν·

183 2227 216 2284 bd
229 2217 380 2296 Principio
396 2220 513 2280 mensis
525 2219 677 2296 Phrygiae
693 2219 883 2278 contermina·
893 2217 980 2278 Matri

275 2302 402 2379 Sospita
417 2304 554 2365 delubris
569 2303 680 2366 dicitur
693 2309 784 2364 aucta
802 2303 903 2363 novis.

233 2385 329 2445 ‘Nunc
345 2385 397 2446 ubi
412 2395 496 2460 sunt,
512 2387 571 2447 illis
588 2403 669 2463 quae
683 2394 755 2447 sunt
769 2393 891 2448 sacrata
903 2385 1052 2448 Kalendis

273 2470 399 2544 Templa
414 2471 529 2530 deaet’
552 2472 644 2545 longa
661 2469 852 2546 procubuere
867 2471 926 2530 die.
941 2522 943 2526 ,

125 2557 126 2560 ’
174 2554 176 2558 ’
233 2553 340 2612 Cetera
353 2569 393 2613 ne
408 2553 498 2614 simili
514 2555 659 2614 caderent
674 2553 825 2614 labefacta
838 2553 936 2629 ruina,

181 2645 216 2701 60
271 2637 356 2698 cavit
370 2639 481 2698 sacrati
497 2639 627 2714 provido
644 2655 718 2699 cura
732 2639 829 2712 dubie,

125 2783 126 2786 ,
231 2719 296 2782 Sub
317 2738 378 2796 quo
394 2721 532 2784 delubris
547 2723 674 2783 sentitur
693 2724 949 2783 nullasenectos=
1009 2744 1011 2748 r

270 2804 333 2864 Nec
348 2806 423 2866 satis
440 2813 488 2868 ost
502 2806 659 2879 homines,
679 2807 798 2881 obligat
814 2808 865 2866 ille
879 2806 971 2866 deos.
1089 2861 1091 2864 .

228 2888 421 2964 Templorum
436 2891 570 2966 positor,
593 2891 775 2966 templorum
790 2897 897 2950 sancte
908 2893 1062 2964 repostor,

269 2971 314 3032 Sit
329 2974 465 3048 superis,
488 2981 578 3051 opto,
600 2981 704 3036 mutua
721 2990 795 3036 cura
808 2975 860 3034 toi.
935 3007 938 3012 ·

179 3063 213 3117 65
228 3055 306 3116 Dent
320 3055 373 3114 tibi
389 3058 556 3130 caelestes,
577 3055 656 3133 quos
670 3064 703 3118 tu
718 3057 919 3130 caelestibus,
934 3071 1043 3130 annos,

269 3137 391 3214 Proque
405 3148 458 3201 tue
470 3148 613 3203 maneant
624 3141 659 3203 in
674 3143 806 3203 statione
821 3142 929 3204 domo.-

229 3222 313 3282 Tunc
329 3241 454 3302 quoque
472 3227 565 3286 vicini
580 3227 667 3288 lucus
684 3224 858 3289 celebratur
869 3223 993 3284 Helemi

272 3305 338 3380 Qua
352 3309 427 3383 petit
442 3325 617 3384 aequoreas
631 3311 754 3372 advena
773 3308 906 3388 Thybris
922 3313 1030 3383 aquas.

229 3388 279 3447 Ad
294 3392 450 3464 penetrale
465 3393 595 3465 Numae,
612 3393 877 3470 Capitolinumque
890 3393 1070 3463 Tonantem,

179 3475 213 3530 to
269 3473 367 3547 Inque
379 3473 463 3534 Iovis
484 3489 601 3535 summa
616 3477 754 3539 caeditdr
767 3492 840 3538 arce
852 3474 972 3538 bidcas.
