2520 4012
495 153 531 230 Il,
553 151 731 217 340—415.

227 305 344 373 Narrat,
365 303 396 363 in
412 299 548 385 obsceno
565 319 695 382 corpora
709 321 821 380 prensa
836 315 924 368 torol

191 386 288 459 Unde,
312 385 371 446 nisi
386 385 500 450 indicio
515 391 616 464 magni
632 389 781 451 sciremus
797 391 929 466 Homeri,

126 480 180 534 380
232 470 370 544 Hospitis
386 469 457 544 igne
473 474 550 532 duas
565 473 730 534 incaluisse
744 475 842 534 deest

189 553 285 615 Omne
297 570 394 628 genus
410 557 515 632 scripti
528 557 676 631 gravitate
689 558 849 632 tragoedia
864 557 894 617 vi
917 558 969 618 cit:

231 638 315 699 Haec
332 655 457 712 quoque
471 640 628 702 materiam
643 655 765 716 semper
779 642 891 700 amoris
928 641 1008 700 abet.

190 721 1123 802 NamqnidinHippclytoest,nisicaecaellammanosercaet

231 805 347 865 Nobilis
362 813 410 865 est
426 807 544 866 Canace
558 807 659 868 fratris
675 825 779 868 amore
793 809 851 868 sui.
927 873 932 896 Ι

127 897 180 952 380
193 888 290 965 Quidt
311 905 373 948 non
388 890 576 964 Tantalides,
600 891 732 966 agitante
748 891 894 968 Cupidine
910 908 1024 967 currus,

225 973 363 1032 Pisaeam
378 973 520 1050 Phrygiis
534 976 618 1034 vexit
632 977 768 1036 eburnus
783 977 893 1050 equist

191 1057 352 1130 lingueret
365 1064 400 1117 ut
412 1059 522 1118 lerrnm
537 1065 675 1118 natorum
690 1060 839 1134 sanguine
853 1066 956 1135 mater,

67 1207 70 1214 ,
233 1140 375 1222 concitus
391 1158 409 1202 a
423 1143 508 1204 laeso
524 1143 594 1202 lecit
607 1157 712 1202 amore
728 1143 825 1204 dolor.

83 1242 86 1246 ·
189 1223 273 1284 Fecit
287 1224 372 1284 amor
386 1225 503 1286 subitas
520 1229 661 1288 volucres
679 1241 747 1287 cum
761 1227 859 1302 pelice
873 1241 976 1300 regem

125 1313 181 1370 390
235 1308 378 1384 Quaeque
392 1326 482 1370 sunm
497 1312 580 1386 luget
593 1326 674 1370 nunc
690 1325 813 1386 quoque
828 1318 925 1370 mater
939 1312 1016 1390 ltyn.

192 1391 301 1452 Sinon
315 1395 463 1469 Airopen
477 1395 570 1454 irater
585 1395 750 1454 sceleratus
767 1399 910 1466 amasset,

188 1495 191 1498 ·
230 1479 368 1537 Aversos
383 1475 464 1539 Solis
481 1495 542 1542 non
557 1479 727 1553 legeremus
744 1492 853 1553 equos.

188 1561 284 1636 impia
299 1575 355 1620 nec
370 1563 502 1636 tragicos
517 1563 667 1637 tetigisset
681 1561 786 1638 Scylla
800 1561 976 1631 cothurnos,

228 1644 264 1703 Ni
280 1645 408 1719 patrium
423 1647 536 1706 crinem
551 1647 743 1708 desecuisset
757 1661 851 1704 amon

126 1734 181 1790 390
193 1727 249 1800 Qui
263 1728 340 1802 legis
355 1729 495 1790 Electran
506 1733 541 1790 'et
556 1738 695 1805 egentem
709 1730 818 1790 mentis
834 1727 969 1799 Oresten,

158 1809 161 1812 ’
232 1812 371 1888 Aegisthi
386 1814 499 1874 crimen
513 1813 769 1894 Tyndaridosque
784 1813 871 1888 legis.
1003 1885 1007 1892 ι

193 1895 268 1956 Nam
287 1897 360 1972 quid
376 1896 414 1957 de
428 1899 535 1958 tetrico
551 1899 680 1967 releram
696 1897 846 1957 domitore
861 1895 1045 1967 Chimaerae,

232 1981 324 2053 Quem
340 1981 400 2042 leto
416 1983 509 2042 fallax
523 1983 645 2058 hospita
661 1997 759 2056 paen-e
774 1981 878 2045 dediti

195 2063 274 2138 Quid
289 2065 398 2139 loquar
410 2065 604 2140 Hermionen,
627 2067 701 2141 quid
715 2072 754 2138 te,
778 2061 951 2124 Schoeneia
958 2061 1060 2136 uirgo,

127 2153 182 2210 Acti
231 2147 344 2222 Teque,
365 2149 534 2226 Mycenaeo
549 2150 691 2210 Phoebas
706 2154 806 2208 amata
821 2145 913 2221 ducit

194 2229 271 2306 Quid
286 2232 411 2292 Dana'e'n
424 2233 610 2310 Danaesque
624 2247 732 2294 nurum
747 2239 933 2306 matremque
948 2227 1043 2306 Lyaei

230 2315 449 2393 Haemonaque
464 2326 494 2378 et
507 2327 624 2393 noctes,
647 2333 726 2394 quae
742 2317 852 2389 coiere,
875 2315 974 2374 duest

191 2399 269 2472 Quid
283 2415 427 2474 generum
440 2401 551 2475 Peliae,
576 2402 651 2478 quid
665 2402 798 2477 Thesea,
823 2398 939 2475 quidve
952 2396 1122 2471 Pelasgum,

233 2485 356 2544 iliacam
369 2486 466 2560 tetigit
482 2487 533 2563 qui
547 2495 612 2546 rate
627 2487 743 2562 primus
758 2485 905 2545 humumt
970 2499 973 2504 ’

129 2571 182 2626 405
194 2567 259 2626 Huc
274 2567 336 2628 Iole
350 2567 520 2645 Pyrrhique
536 2587 660 2646 patene,-
679 2571 738 2630 huc
753 2565 892 2626 Herculis
907 2581 995 2640 uxor,

230 2651 296 2712 Huc
311 2653 438 2712 accedat
450 2655 547 2731 Hylas
562 2655 735 2727 lliadesqne
751 2665 836 2725 puer.

137 2801 141 2804 ,
193 2734 341 2810 Tempore
356 2734 490 2813 deliciar,
510 2738 644 2812 tragicos
660 2737 686 2795 si
701 2747 871 2810 persequar
886 2731 982 2806 igneS,

227 2819 348 2894 Vixque
365 2836 452 2880 meus
469 2823 570 2898 capiat
584 2821 707 2882 nomina
722 2819 804 2878 nuda
818 2815 903 2876 liber.

189 2901 246 2962 Est
259 2909 287 2962 et
300 2903 332 2962 in
348 2903 502 2965 obscenos
519 2904 641 2966 deflexa
656 2901 815 2978 tragoedia
828 2899 918 2972 risus,

130 2990 182 3044 410
206 2999 210 3014 ‘
232 2985 387 3062 Multaque
403 2991 555 3064 praeteriti
571 2990 663 3049 verba
678 2986 805 3064 pudoris
819 2983 920 3043 habet.

192 3068 254 3130 Nec
268 3077 359 3132 nocet
373 3075 498 3143 auctori,
521 3073 642 3133 mollem
658 3071 714 3146 qui,
725 3070 796 3129 lecit
809 3067 968 3141 Achillem,

232 3154 398 3230 lnlregisse
414 3157 478 3216 suls
495 3158 583 3217 lortia
598 3157 677 3214 iacta
691 3155 800 3214 modis.

119 3246 121 3250 ·
188 3236 289 3298 lunxit
302 3239 464 3312 Aristides,
487 3241 605 3300 Milesia
620 3238 753 3309 crimina,
775 3249 893 3308 sexum,

229 3320 337 3382 Pulsus
351 3323 504 3384 Aristides
520 3339 575 3382 nec
589 3329 688 3384 tamen
703 3321 779 3380 urbe
794 3335 858 3378 sna.

128 3412 181 3466 415
192 3404 258 3465 Nec
272 3409 324 3485 qui
340 3407 505 3484 descripsit
519 3407 671 3485 corrumpi
687 3403 804 3466 semina
821 3406 957 3470 matrum,
