2524 4004
460 220 515 300 m,
538 226 714 312 ara-als.
892 181 916 273 s
1034 217 1098 296 '253

163 381 293 458 Quoque
307 379 402 439 modo
418 379 518 453 possit
531 380 653 455 fulmen,
668 386 843 455 monstrate,
859 376 960 455 piari!

184 541 187 548 Α
205 463 257 525 Sia
271 463 379 524 Numa.
409 461 460 522 Sic
475 463 615 538 quatiens
631 460 882 524 eornua‘Faunus
897 460 953 524 ait:

163 548 290 624 ‘Magna
303 547 390 622 petis,
414 560 472 606 nee
491 561 571 619 quae
585 548 701 607 monitu
714 546 767 605 tibi
783 547 903 607 discere
917 556 1024 610 nostro

204 631 264 696 Fas
279 632 327 691 sit.
360 629 473 690 babent
487 629 556 689 linis
572 630 695 690 numina
709 637 815 690 nostra
829 646 915 690 suos.
962 654 969 670 s
1068 665 1070 672 ·

94 719 148 780 315
162 716 199 776 Di
215 731 320 776 sumus
334 720 483 788 agrestes,
506 718 536 772 et
550 713 602 788 qui
620 715 810 775 dominemur
824 713 856 771 in
869 714 938 774 altis
965 735 967 738 ·

205 798 369 859 Montibus
399 797 554 859 arbitrium
568 804 616 856 est
630 799 661 856 in
682 813 739 858 sna
752 797 813 857 tela
827 795 904 856 lovi.

44 921 51 936 -.
164 882 254 943 Hune
268 889 300 942 tu
314 897 376 941 non
390 881 506 957 poteris
520 895 578 955 per
591 887 622 940 te
636 881 791 942 deducere
807 882 911 941 eaelo=

206 967 248 1024 At
262 966 376 1041 poteris
391 970 498 1025 nostra
512 965 639 1026 forsitan
653 981 729 1026 usus
749 969 831 1040 ope?

163 1049 290 1117 ¹Dixerat
303 1050 380 1110 haee
391 1048 526 1110 Faunus.
555 1064 612 1122 par
626 1054 678 1112 est
688 1049 838 1110 sententia
852 1047 924 1108 Pla.

96 1137 151 1194 320
205 1133 312 1193 ‘Deme
326 1140 427 1193 tamen
442 1133 538 1212 nobis
548 1132 693 1204 vincula,’
712 1130 802 1192 Picus
817 1132 860 1192 ait

168 1217 314 1291 ‘luppiter
328 1217 388 1276 huo
403 1218 514 1290 veniet,
536 1213 639 1276 ualida
653 1214 820 1290 perductus
836 1215 879 1276 ab
891 1220 965 1274 arte.

205 1299 313 1360 Nubila
330 1301 476 1376 promissi
491 1299 569 1376 Styx
584 1299 657 1359 mihi
672 1297 759 1371 testis
776 1298 853 1358 erit’
1103 1365 1105 1370 ,

164 1381 276 1444 Emissi
291 1385 411 1459 laqueis
427 1384 501 1458 quid
515 1390 615 1458 agant,
639 1397 719 1456 quae
733 1381 869 1442 earmina
883 1381 993 1455 dicant,

208 1466 334 1542 Quaque
345 1468 468 1528 trahant
482 1468 603 1542 superis
618 1466 745 1528 sedibus
762 1473 826 1525 arte
840 1467 954 1539 lovem,

22 1549 26 1555 ’
72 1614 76 1619 ,
95 1555 149 1633 325
164 1547 250 1610 Scire
266 1551 352 1611 nelos
368 1551 493 1611 homini.
521 1551 617 1612 Nobis
634 1565 787 1611 consessa
802 1556 957 1624 canentur,

208 1634 352 1709 Quaeque
369 1636 420 1709 pio
436 1635 496 1695 diei
512 1635 590 1694 votis
605 1634 643 1694 ab
660 1650 713 1700 ore
730 1635 810 1693 lieet.

164 1718 294 1778 Eliciunt
309 1719 394 1778 eaelo
411 1725 449 1792 te,
472 1720 618 1794 Iuppiter.
644 1719 727 1779 unde
742 1718 878 1776 minores
967 1781 968 1784 Ἴ
1064 1720 1067 1728 ’

201 1801 288 1863 Nune
304 1817 427 1878 quoque
441 1809 471 1862 te
486 1802 650 1878 celebrant,
665 1802 856 1876 Eliciumque
870 1805 993 1860 vorant.

39 1957 45 1963 ¹
159 1885 290 1947 Constat
302 1887 473 1958 Aventinae
489 1887 651 1946 tremuisse
666 1885 825 1964 eacumina
839 1883 946 1958 silvae,
980 1936 982 1941 ,

94 1973 148 2028 ³30
193 1971 356 2044 ¹Terraque
370 1969 511 2030 subsedit
526 1970 663 2044 pondere
678 1985 788 2044 pressa
802 1967 895 2029 lovis.

167 2053 267 2114 Corda
280 2054 392 2113 micant
405 2055 498 2129 regis,
520 2060 647 2128 totoque
661 2069 679 2112 e
695 2059 819 2126 pectore
835 2050 961 2126 sanguis
1008 2109 1009 2114 ,
1085 2064 1087 2068 ·

124 2210 129 2216 g
206 2135 302 2211 Fugit,
318 2145 348 2196 et
361 2137 495 2198 hirsutae
511 2138 671 2212 deriguere
686 2152 802 2198 comae.

120 2237 123 2244 ·
164 2221 309 2282 Ut'rediit
323 2223 450 2296 animus,
472 2221 531 2281 ‘Da
545 2228 629 2281 oerta
645 2221 789 2296 piamina’
804 2219 881 2278 dixit
918 2273 921 2280 .

206 2303 361 2376 Fulminis,
383 2306 518 2366 altorum⁴
527 2321 646 2380 rexque
661 2312 810 2380 paterque
824 2303 925 2376 deum,

98 2393 156 2449 335
166 2386 198 2448 Si
211 2395 264 2448 tua
278 2389 460 2464 contigimus
477 2389 618 2452 manibus
633 2387 761 2448 donaria
785 2387 885 2462 puris:

203 2471 269 2552 Hoc
285 2487 427 2547 quoque,
447 2473 532 2548 quod
547 2473 673 2548 petitur,
690 2473 717 2532 si
733 2471 783 2546 pia
798 2471 901 2543 lingua
914 2471 1025 2542 rogat?

166 2557 282 2632 Annuit
296 2557 402 2616 oranti.
432 2557 490 2616 sed
503 2573 610 2618 verum
625 2555 753 2630 ambage
767 2560 885 2614 remota

122 2684 129 2698 ..
205 2638 347 2713 Abdidit,
369 2649 399 2700 et
413 2641 506 2700 dubio
521 2641 626 2702 terruit
641 2656 694 2700 ore
705 2639 819 2698 uirum.

167 2722 282 2784 ‘Caede
297 2729 401 2799 eaput’
417 2725 502 2784 dixit.
532 2726 581 2784 oui
595 2741 651 2784 rex
666 2723 868 2783 ‘Parebimus’
882 2717 995 2792 inquit:

101 2810 154 2866 alo
209 2807 372 2884 (laedenda
387 2816 435 2869 est
448 2809 545 2869 hortis
561 2816 647 2868 eruta
662 2823 739 2882 cepa
752 2805 852 2865 meis?
917 2823 922 2840 ¹

79 2893 82 2901 '
166 2891 294 2952 Addidit
308 2893 549 2953 hio-‘Hominis’
575 2895 738 2952 ‘summos’
753 2889 858 2950 altillo
872 2885 1039 2961 ‘capillos'
1080 2925 1081 2928 ,
1103 2905 1104 2908 ¹

205 2975 343 3045 Postulat
356 2977 406 3036 hie
421 2977 562 3036 animam.
592 2976 640 3036 oui
654 2977 752 3036 Numa
765 2971 888 3048 ‘piscis’
903 2970 954 3030 ait.

166 3059 252 3136 Risit,
272 3069 303 3121 et
316 3061 397 3136 ‘His'
411 3062 509 3138 inquit
525 3061 630 3121 ‘lecito
645 3075 714 3120 mea
728 3059 788 3118 tela
804 3070 961 3131 procures,

208 3143 231 3204 Ο
246 3146 294 3204 vir
307 3145 471 3219 conloquio
486 3161 547 3206 non
562 3143 714 3218 abigende
732 3143 832 3202 deum.

98 3233 151 3290 ³45
167 3224 230 3288 Sed
245 3229 306 3305 tibi,
328 3229 487 3306 protulerit
501 3245 569 3291 eum
584 3234 679 3288 totum
695 3227 845 3286 crastinus
860 3221 966 3282 orbem

205 3311 362 3389 Cynthius,
384 3315 502 3390 imperii
516 3314 647 3391 pignora
659 3318 741 3372 certa
756 3307 861 3371 dabo!

165 3393 257 3470 Dixit,
273 3406 304 3459 et
317 3399 431 3474 ingenti
446 3398 558 3460 tonitru
572 3412 667 3472 super
680 3395 805 3456 aethera
818 3398 934 3452 motum
987 3377 991 3385 ’

116 3502 128 3516 f
205 3479 328 3559 Fertur,
350 3483 529 3545 adorantem
544 3481 740 3556 destituitque
753 3479 892 3539 Numam.
