2520 4012
439 221 469 296 1,
491 221 527 296 6,
548 219 668 297 27-8,
685 220 736 284 24.

169 375 291 436 Nesciet
304 373 352 433 lris
368 387 517 432 summam
537 373 634 447 siquis
649 373 761 434 abesse
774 390 906 438 manum.

129 460 273 520 Ablaiunr
287 455 397 532 mediis
414 472 494 531 opus
515 463 562 516 esi
575 456 737 517 incudibus
757 457 840 534 illud,

86 551 119 605 30
169 541 273 604 Defuit
287 547 318 600 et
332 539 455 614 scriptis
470 539 575 599 ultima
592 540 664 600 lima
678 541 766 600 nreis.

132 625 169 686 Et
182 625 304 685 veniam
321 639 380 699 pro
397 622 489 682 laude
501 629 583 698 pelo.
624 623 765 685 laudatus
781 626 914 701 abunde,

170 708 239 770 Non
253 707 407 768 fastiditus
424 707 450 766 si
464 705 534 778 tibi,
551 708 661 778 lector,
681 721 744 770 ero.

132 793 195 853 Hos
212 807 337 866 quoque
352 806 408 851 sex
426 804 551 864 versus,
571 789 602 850 in
618 789 717 866 prima
732 792 831 851 ironic
848 783 940 852 libelli

65 887 68 894 ’
174 875 206 935 Si
220 873 459 950 praeponendos
480 887 552 934 esse
570 872 710 949 putabis,
730 874 825 934 habe:

87 966 119 1022 35
136 958 216 1018 Orba
231 963 358 1034 parente
373 973 432 1019 suo
448 956 634 1032 quicumque
652 960 810 1018 volumina
828 960 938 1034 tangis,

169 1041 224 1102 His
241 1042 348 1103 saltem
362 1048 467 1102 veslra
481 1041 570 1100 detur
584 1041 614 1100 in
630 1039 713 1101 Urbe
728 1043 830 1102 locus!

134 1127 261 1201 Quoque
275 1125 372 1200 magis
393 1127 512 1197 faveae,
531 1139 594 1182 non
608 1131 680 1184 sunl
698 1124 775 1185 haec
790 1125 872 1186 edita
889 1125 1023 1203 abipso,

174 1208 237 1271 Sed
252 1210 340 1284 quasi
357 1210 396 1269 de
412 1207 646 1268 dominilunere
659 1216 749 1283 rapia
767 1209 824 1269 sui.

136 1292 286 1368 Quicquid
301 1293 332 1352 in
346 1292 395 1352 his
408 1293 498 1368 igitur
512 1289 578 1350 viiii
592 1290 668 1350 rude
685 1306 807 1352 currnen
823 1293 958 1370 babebit,
975 1297 978 1306 '

87 1383 122 1438 so
175 1376 415 1451 Emendaturus,
436 1376 463 1436 si
477 1373 629 1448 licuisset,
645 1389 739 1436 erem.

78 1503 117 1602 8·
137 1507 175 1600 ln
192 1548 284 1615 caput
298 1542 359 1602 alia
375 1557 464 1602 suum
481 1545 620 1607 labentur
635 1544 674 1604 ab
693 1557 829 1618 aequore
845 1551 927 1605 reiro

176 1623 329 1699 Flumina,
350 1627 511 1688 conversis
527 1627 644 1702 Solque
659 1632 796 1688 recurret
811 1628 913 1702 equis:

135 1709 228 1766 Terra
244 1708 321 1767 feret
338 1707 458 1784 stellas,
475 1713 592 1772 caelum
607 1711 741 1772 findetur
753 1715 863 1785 uano,

176 1790 266 1851 Unde
281 1790 365 1871 dabir
385 1790 524 1856 flammas
540 1802 570 1855 el
588 1795 671 1855 dabir
685 1794 766 1870 ignis
786 1809 898 1871 aquas=

103 1875 119 1936 '5
136 1873 241 1934 Omnia
255 1880 382 1934 naturae
400 1885 602 1954 praepostera
616 1878 734 1954 legibus
754 1877 849 1953 ibunt,

173 1957 310 2031 Parsque
327 1975 416 2027 suurn
432 1964 536 2023 mundi
550 1964 633 2022 nulla
651 1961 766 2022 tenebit
783 1962 855 2021 iter:

138 2041 247 2102 Omnia
265 2042 324 2100 iarn
338 2043 426 2118 fient,
447 2045 513 2106 fieri
530 2057 610 2122 quae
626 2062 723 2122 posse
740 2046 899 2120 negabam,

172 2125 211 2184 El
229 2124 302 2184 nihil
315 2133 375 2200 est,
395 2127 434 2186 de
450 2145 512 2205 quo
527 2147 588 2191 non
604 2131 645 2189 sit
658 2129 801 2188 habenda
815 2128 905 2190 fides.

132 2209 218 2268 Haec
235 2223 293 2283 ego
307 2209 470 2287 radcinur,
490 2215 561 2288 quia
576 2230 644 2273 sum
661 2211 862 2287 deceptusab
877 2211 939 2285 illo,

88 2303 122 2354 10
174 2291 321 2353 Laturunr
335 2293 448 2355 misero
465 2313 556 2372 quern
571 2297 643 2378 milri
661 2295 753 2357 rebar
771 2311 872 2371 upern.

132 2377 268 2436 Tantane
282 2383 328 2450 te,
344 2378 451 2450 fallar,
474 2396 584 2456 cepere
600 2379 712 2440 oblivia
726 2380 832 2454 nostri,

172 2457 390 2536 Affliciunrque
405 2462 460 2524 iuil
473 2471 575 2525 tantus
591 2465 675 2524 adire
690 2464 789 2539 timor,

132 2543 173 2607 Ut
186 2559 287 2618 neque
306 2545 495 2624 respiceres,
513 2563 570 2608 nec
585 2551 722 2610 solarere
738 2549 896 2621 iacentem,

175 2627 270 2701 Dure,
287 2643 345 2687 nec
361 2632 508 2706 exequias
524 2646 745 2707 prosequerere
761 2637 868 2689 mensi

13 2705 14 2750 l
84 2719 117 2772 la
132 2710 214 2770 lllud
234 2712 383 2772 amicitiae
399 2724 537 2776 seurcburn
557 2731 594 2776 ao
610 2713 783 2774 venerabile
802 2727 913 2772 nomen

174 2793 221 2854 Re
235 2793 286 2854 tibi
305 2809 362 2870 pro
379 2798 431 2856 vili
452 2797 509 2859 sub
527 2799 718 2874 pedibusque
739 2797 839 2858 lucete

132 2875 214 2950 Quid
233 2877 302 2954 inii,
317 2881 433 2956 ingenti
452 2890 637 2958 prosbaium
650 2882 729 2942 mole
745 2879 883 2941 sodalem

176 2961 286 3022 Visere
301 2971 331 3023 el
345 2965 482 3043 adloquii
498 2974 584 3042 parte
601 2969 705 3027 levare
718 2965 783 3026 tuis

128 3044 228 3119 Inque
243 3061 329 3107 rneos
349 3049 375 3108 si
393 3065 453 3109 non
468 3050 621 3110 lacrimam
637 3049 785 3110 dimittere
801 3061 901 3121 casus,

77 3131 112 3184 lo
174 3125 274 3188 Pauca
290 3136 392 3192 tamen
406 3133 477 3195 licto
493 3133 588 3194 verba
602 3133 709 3194 dolore
724 3131 818 3207 queri,

130 3209 247 3286 quue,
270 3217 355 3289 quod
370 3217 464 3292 ignobi
479 3218 609 3293 iaciunt,
624 3218 674 3278 vel
689 3216 792 3276 dicere
804 3217 920 3291 sallem,

175 3296 214 3354 Ei
227 3313 338 3360 vocem
353 3301 459 3376 populi
471 3301 654 3378 publicaque
666 3316 719 3361 ore
734 3299 844 3374 sequi?

128 3377 275 3454 Denique
290 3383 436 3458 lugubres
450 3386 551 3446 vultus
567 3399 794 3461 numquamque
808 3379 959 3444 videndas
1026 3383 1032 3394 ‘

174 3461 307 3550 Cernere
322 3483 465 3546 supremo
481 3469 552 3532 dum
566 3469 708 3546 licuitque
723 3467 781 3542 die,
