2520 4008
456 221 512 286 111.
535 221 570 292 l,
591 221 713 299 tie-2,
734 221 765 284 5¹.

180 379 256 440 Tum
271 376 334 448 tibi,
358 374 390 434 di
406 373 525 446 iaciant,
548 374 683 446 adcundi
698 377 789 452 copia
804 375 872 438 tiata

189 495 192 501 ,
221 461 400 536 Profectum
415 457 532 533 aliquid
545 465 608 517 turn
621 465 673 518 tua
687 461 782 520 verba
797 468 896 536 putes.
1089 533 1091 538 ,

181 545 214 607 Si
231 544 307 622 quid
321 548 391 618 aget
404 542 513 616 maius,
536 539 625 602 differ
638 549 690 602 tua
705 549 824 618 coepta.
857 560 996 620 caveque

118 640 169 694 lto
207 629 317 706 span
332 625 505 688 festinando
522 624 725 700 praecipitare
738 641 847 688 meam.

181 715 244 774 Nec
258 726 366 773 rursus
381 709 484 782 iubeo,
506 707 579 770 dum
594 707 633 769 sit
648 709 842 782 vacuissima
865 727 1011 788 quaeras:

223 795 369 872 Corporis
382 793 425 853 ad
439 804 543 854 curam
558 792 612 852 vix
626 799 716 854 vacat
730 793 781 854 illa
796 795 854 856 sui.

160 875 165 928 ῖ
182 881 272 942 Curia
287 895 355 940 cum
371 875 509 954 patribus
525 875 614 936 luerit
630 877 740 953 stipata
754 879 907 953 verendis,

53 1026 56 1029 ,
221 964 280 1024 Per
292 977 394 1022 rerum
408 961 527 1022 turbam
540 966 573 1021 tu
588 975 713 1035 quoque
728 969 849 1038 oportet
864 979 927 1025 eas.

118 1058 168 1113 115
182 1050 255 1109 Cum
269 1043 322 1107 tibi
337 1044 497 1120 contigerit
512 1043 627 1106 vultum
641 1044 767 1106 lunonis
782 1047 877 1123 adire,

223 1131 285 1191 Fac
300 1131 344 1192 sis
359 1141 523 1206 personae,
548 1143 637 1201 quam
652 1134 766 1202 tueare,
789 1145 915 1192 memor.

181 1215 370 1276 Neclectam
386 1213 519 1275 deiende
534 1225 646 1272 meum.
677 1214 758 1272 mala
772 1229 867 1275 causa
882 1215 1000 1276 silenda
1013 1225 1068 1276 est.

224 1299 271 1358 Nil
283 1298 345 1382 nisi
360 1296 510 1359 sollicitae
525 1295 586 1356 sint
597 1302 651 1356 tua
664 1295 761 1356 uerba
774 1311 894 1372 preces.

181 1385 256 1444 Tum
269 1382 402 1444 lacrimis
417 1380 569 1443 demenda
582 1395 669 1440 mora
682 1387 740 1454 est,
763 1383 989 1458 summissaque
1004 1390 1085 1443 terra

117 1475 170 1528 151)
222 1465 273 1526 Ad
287 1483 348 1527 non
363 1465 501 1526 mortalis
514 1462 641 1526 brachia
654 1465 747 1526 tende
760 1465 869 1540 pedes.

179 1551 256 1610 Tum
270 1559 341 1626 peto
355 1551 397 1624 nil
412 1549 503 1622 aliud,
526 1564 623 1611 saevo
639 1548 698 1610 nisi
713 1547 752 1609 ab
768 1549 858 1610 hoste
871 1550 1028 1612 recedam:

220 1633 347 1696 Hostem
362 1634 513 1694 fortunam
528 1631 567 1694 sit
582 1633 657 1694 satis
672 1649 743 1693 esse
757 1634 840 1694 mihi.

178 1717 269 1780 Plura
284 1717 407 1796 quidem
423 1715 563 1778 'subeunt
601 1718 658 1777 sed
673 1716 844 1779 disturbata
858 1719 966 1780 timore

221 1801 305 1864 llaec
322 1817 447 1878 quoque
460 1800 514 1862 vix
528 1801 644 1876 poteris
659 1816 738 1862 voce
753 1809 900 1862 tremente
914 1801 1010 1878 loqui.

116 1895 169 1950 155
182 1885 330 1962 Suspicor
343 1885 404 1947 hoc
418 1885 530 1946 damno
546 1884 612 1946 iore
627 1902 688 1946 non
703 1885 767 1946 tibi.
792 1887 902 1947 sentiet
916 1886 966 1946 illa

221 1969 262 2030 Te
277 1970 466 2031 maiestatem
481 1969 676 2044 pertimuisse
691 1985 788 2030 suam.

179 2054 250 2128 Nec,
268 2061 322 2115 tua
335 2054 363 2116 si
376 2052 451 2115 iletu
463 2053 643 2117 scindentur
657 2053 761 2128 verba,
784 2053 914 2118 nocebit.
1034 2113 1038 2119 .

218 2137 373 2199 Interdum
387 2138 531 2199 lacrimae
543 2137 683 2214 pondera
696 2137 786 2198 vocis
799 2135 922 2198 habent

178 2221 246 2283 Lux
261 2221 351 2283 etiam
365 2223 484 2299 coeptis
499 2222 590 2284 facito
604 2220 688 2284 bona
701 2221 812 2283 talibus
828 2221 916 2294 adsit,

114 2303 168 2366 161
198 2331 199 2336 ¹
219 2305 366 2382 Horaque
380 2306 568 2368 conueniens
583 2306 818 2382 auspiciumque
832 2306 950 2366 lavans.

180 2387 244 2450 Sed
257 2389 344 2467 prius
358 2391 503 2468 imposito
519 2391 635 2458 sanctu
649 2389 796 2452 altaribus
810 2390 873 2466 igni

159 2509 163 2514 -
219 2475 299 2536 Tum
315 2474 362 2534 ier
376 2474 417 2535 ad
430 2489 561 2551 magnos
576 2475 710 2552 vinaque
724 2490 802 2552 pura
815 2475 903 2536 deos.
1028 2541 1031 2547 ,

178 2555 203 2616 Ε
220 2557 330 2632 quipus
344 2566 414 2619 ante
429 2558 530 2620 omnis
543 2559 714 2635 Augustum
730 2575 841 2620 numen
858 2559 962 2632 adora,

218 2641 460 2720 progeniemque
475 2643 566 2719 piam,
586 2643 828 2719 participemque
842 2642 910 2701 tori.
1003 2715 1007 2721 ἱ

112 2731 165 2786 165
179 2723 246 2786 Sint
258 2727 373 2788 ulnam
386 2727 476 2788 mites
491 2727 582 2788 solito
595 2727 649 2788 tibi
663 2741 757 2800 more,
780 2733 911 2799 tuasque

203 2840 205 2845 ,
222 2809 287 2870 Non
305 2811 390 2872 doris
405 2812 547 2872 lacrimas
562 2811 695 2872 vultibus
712 2809 874 2886 aspiciant!

96 2981 165 3085 e.
219 3025 407 3092 corana.

77 3177 79 3180 ·
180 3107 283 3214 stuata
298 3148 376 3223 legis
391 3146 515 3208 anobis
530 3146 656 3208 missam
669 3145 732 3220 tibi,
755 3145 849 3218 Cotta,
870 3145 1009 3220 salutem,

216 3229 314 3292 Missa
328 3232 368 3292 sit
378 3240 415 3294 at
430 3247 503 3295 vere
518 3231 748 3308 perveniatque,
766 3244 887 3305 precor.

173 3313 312 3391 Namque
327 3317 404 3380 meis
420 3332 533 3393 sospes
547 3315 672 3380 multum
688 3313 872 3376 cruciatibus
887 3314 1001 3387 aufers,

216 3399 318 3477 thue
333 3392 378 3464 sit'
387 3417 405 3462 e
419 3401 509 3462 nobis
524 3413 597 3478 pars
612 3400 695 3462 bona
707 3400 803 3474 salva,
821 3399 908 3462 lacis.

137 3487 156 3542 5
176 3481 314 3562 cumque
326 3486 431 3550 labent
443 3485 553 3567 aliqui,
574 3483 748 3563 laetataque
760 3484 831 3546 vela
844 3483 1026 3556 relinquant,
