2520 4012
379 245 381 248 ·
446 222 476 295 1,
500 225 533 299 l,
555 221 713 288 28-100.

161 375 232 436 Non
246 379 347 449 putet,
364 388 382 432 e
396 373 512 448 gremio
526 375 693 451 reiciatque
706 394 774 455 suo,

122 458 270 535 ‘Inspice’
286 457 335 516 dic
350 455 490 518 ‘titulum
520 473 587 516 uon
603 475 671 522 sum
685 469 870 538 praeceptor
883 466 1006 526 amoris.

165 542 247 618 Quas
262 538 385 616 meruit,
400 555 519 614 poenas
531 541 591 599 iam
606 542 690 602 dedit
702 545 778 606 iliud
793 551 896 622 opus.’

120 626 260 688 Forsitan
275 628 437 700 expectem
453 639 492 681 an
506 623 537 682 in
552 624 613 684 alta
626 627 740 700 palatia
754 629 881 690 missum

75 720 108 774 70
163 707 320 770 Scandere
334 713 364 766 te
378 703 499 766 iubeam
514 705 757 785 Caesareamque
772 713 917 774 domum?

122 795 288 869 Ignoscant
303 793 436 864 augusta
450 787 523 850 mihi
537 790 608 852 loca
623 792 717 868 dique
731 795 878 858 iocorum.

163 874 300 936 venitin
314 871 374 933 hoc
389 861 441 932 iiia
456 872 570 934 fulmen
586 874 624 934 ab
640 892 711 936 arce
725 885 825 954 caput.

118 961 198 1020 Esse
215 957 338 1032 quidem
353 955 476 1016 memini
490 957 651 1018 mitissima
666 961 793 1022 sedibus
807 965 867 1024 iliis

163 1041 303 1102 Numina.
339 1041 396 1100 sed
410 1041 502 1100 timeo
519 1041 571 1116 qui
586 1057 735 1118 nocuere,
752 1045 839 1106 deos.

72 1135 104 1190 id
118 1127 259 1187 Terretur
273 1123 397 1184 minimo
411 1139 532 1199 pennae
546 1125 679 1187 stridore
690 1127 841 1205 columba,

115 1237 117 1242 ·
162 1208 337 1286 Unguibus,
353 1208 513 1284 accipiter,
530 1209 636 1270 saucia
650 1211 730 1270 iacta
744 1213 813 1274 tuis.

117 1295 181 1356 Nec
195 1293 303 1369 procui
318 1307 337 1352 a
351 1290 480 1352 stabulis
495 1293 589 1352 audet
603 1293 779 1370 discedere,
797 1297 887 1372 siqua

161 1377 304 1438 Excussa
318 1381 366 1436 est
379 1375 462 1436 avidi
477 1374 621 1438 dentibus
636 1393 716 1452 agna
729 1379 803 1454 lupi.

116 1462 235 1522 Viteret
250 1461 368 1520 caelum
380 1458 553 1534 Phaethon,
569 1461 595 1520 si
612 1461 743 1536 viveret,
759 1469 789 1522 et
803 1480 882 1540 quos

72 1553 104 1607 db
160 1543 286 1621 Optarat
299 1543 402 1617 sume,
417 1549 542 1618 tangere
557 1545 650 1604 noiiet
664 1561 774 1624 equos.

116 1628 168 1688 Mc
179 1641 316 1704 quoque,
332 1642 412 1701 quae
427 1628 527 1702 sensi,
542 1629 640 1689 fateor
653 1628 737 1692 iovis
751 1646 836 1692 arma
849 1631 965 1692 timcrc.
999 1674 1018 1680 .‚

158 1711 210 1772 Me
223 1726 293 1772 reor
306 1712 417 1772 infesto
434 1727 504 1772 cum
518 1719 616 1792 tanat,
631 1709 702 1788 igne
716 1715 789 1789 peti.

118 1795 306 1871 Quicumque
319 1795 466 1871 Argolica
480 1795 519 1856 de
534 1797 635 1856 classe
651 1795 809 1872 capharea
823 1799 908 1878 sugit,

146 1879 288 1956 iSemper
301 1880 340 1940 ab
353 1879 497 1940 Euboicis
514 1881 583 1940 vela
596 1888 752 1959 retorquet
766 1883 866 1959 aquis.
896 1929 898 1932 -

71 1972 104 2026 85
115 1963 153 2025 Et
165 1979 234 2024 mcc
249 1961 374 2040 cymba,
391 1964 486 2024 semel
501 1971 590 2026 vasto
604 1980 755 2041 percussa
768 1968 913 2045 procella,

157 2048 258 2123 litum,
275 2063 336 2124 quo
351 2049 436 2109 laesa
451 2054 512 2119 est,
529 2047 633 2109 horret
647 2047 734 2110 adire
748 2053 859 2111 iocum.

114 2131 195 2206 Ergo
212 2147 303 2208 cave,
317 2129 407 2205 liber,
423 2139 453 2192 ct
466 2131 573 2193 timida
587 2133 787 2210 circumspice
801 2141 917 2195 menter

157 2215 198 2277 Ut
211 2216 287 2277 satis
301 2231 320 2276 a
333 2215 434 2278 media
448 2216 487 2276 sit
501 2215 555 2276 tibi
569 2217 660 2292 plebe
674 2216 744 2297 legi.

113 2301 192 2361 Dum
206 2301 283 2375 petit
297 2299 423 2362 infirmis
435 2300 561 2360 nimium
575 2299 718 2362 sublimia
727 2302 837 2377 pennis

67 2390 100 2449 90
117 2429 120 2434 -
156 2383 274 2461 Icarus,
290 2384 454 2461 aequoreis
468 2385 592 2447 uomina
605 2385 677 2446 iecit
691 2385 789 2460 aquis.

111 2467 243 2530 Difficile
258 2475 307 2530 est
321 2476 420 2530 tumen
434 2468 521 2544 hinc,
535 2468 628 2532 remis
643 2470 738 2530 utaris
754 2485 793 2530 ao
808 2485 890 2543 auro,

155 2553 274 2614 Dicere.
311 2553 473 2614 consilium
487 2567 601 2630 resque
615 2556 766 2631 locusque
781 2552 905 2642 dabunt.

114 2635 148 2697 Si
163 2637 277 2712 poteris
295 2651 393 2699 vacuo
407 2637 500 2710 tradi,
518 2637 545 2698 si
560 2645 669 2699 cuncta
682 2637 802 2698 videbis

156 2719 252 2793 Mitia,
268 2721 296 2782 si
312 2722 393 2782 vires
408 2722 532 2796 fregerit
545 2723 591 2782 ira
605 2737 695 2782 suas=
715 2773 717 2778 .

68 2809 97 2865 ab
114 2801 148 2864 Si
164 2804 232 2878 quis
247 2806 316 2878 erit,
333 2801 385 2881 qui
400 2813 429 2866 tc
445 2805 632 2866 dubitantem
646 2811 677 2865 et
690 2803 775 2863 adire
790 2802 943 2864 timentem

152 2887 276 2961 Tradat,
293 2897 324 2951 ct
337 2896 406 2950 amc
420 2896 520 2950 tamen
537 2905 637 2965 pauca
650 2889 808 2967 loquatur,
823 2887 883 2948 adi.

111 2971 194 3032 Luce
207 2971 290 3034 bona
305 2973 494 3050 dominoque
508 2980 560 3035 tuo
576 2974 694 3034 felicior
706 2973 776 3048 ipso

151 3053 316 3118 Pervenias
331 3057 403 3118 iiiuc
417 3064 448 3118 et
461 3057 541 3118 mala
555 3064 661 3140 nostra
674 3059 771 3117 leves.

110 3137 247 3216 Namque
262 3156 300 3201 ea
310 3142 360 3204 vel
375 3157 480 3217 nemo,
495 3142 545 3202 vel
560 3143 611 3216 qui
626 3141 699 3200 mibi
714 3141 839 3199 vulnera
855 3139 926 3202 iecit

57 3229 101 3284 100
153 3223 246 3286 Solus
260 3224 401 3286 Achilleo
415 3228 521 3288 tollere
535 3239 620 3286 more
635 3231 746 3300 potest.
789 3236 799 3252 ·

109 3304 237 3370 Tantum
251 3323 291 3370 ne
305 3325 436 3384 noceas,
454 3310 527 3370 dum
540 3310 590 3370 vis
605 3309 773 3384 prodesse,
791 3307 903 3370 videto.

154 3390 230 3452 Nam
246 3408 321 3470 spes
337 3401 385 3454 cst
400 3393 493 3455 animi
507 3399 613 3454 nostra
626 3393 734 3453 timore
749 3391 857 3450 minor.

111 3472 259 3552 Quaeque
276 3477 468 3554 quiescebat,
483 3492 523 3538 nc
538 3483 621 3540 mota
634 3476 787 3538 resaeviat
799 3473 859 3589 iraa

480 3651 498 3698 c
