2520 4012
566 194 800 308 'salsulam
911 240 914 247 ’

301 405 388 466 Clara
401 417 459 461 nec
473 401 564 462 ullius
580 398 739 458 nobilitate
749 397 856 456 minor.
889 412 892 417 ·

257 489 296 548 Ut
310 501 410 562 neque
425 485 537 545 divitiis
553 499 609 542 nec
624 486 802 558 paupertate
815 479 960 553 notanda,

207 603 248 616 -
302 571 391 634 Unde
407 571 490 630 sitin
506 574 642 627 neutrum
658 563 896 640 conspiciendus
912 577 1017 636 eques.
1067 559 1073 571 '

207 652 250 700 ⁴-
262 655 307 716 Sit
322 668 446 730 quoque
460 658 565 713 nostra
580 651 690 714 domus
706 649 755 707 vel
770 654 865 707 censu
879 663 976 722 parva
992 648 1040 707 vel
1055 654 1140 722 ortua

198 749 249 804 116
300 739 425 814 iugenio
441 743 522 802 certe
536 749 598 794 non
614 735 685 792 latet
699 733 843 791 illameo.
1119 750 1121 754 ·

257 823 322 896 Quo
340 822 445 881 videar
461 818 599 894 quamvis
615 815 740 878 nimium
754 814 933 875 iuvenaliter
946 829 1031 888 usuS,

301 903 422 964 Grande
436 909 536 962 tamen
552 897 741 961 toto‘nomen
756 898 795 959 ab
810 897 885 958 orbe
900 898 980 957 lero:

257 988 418 1063 Turbaque
433 987 593 1049 doctorum
606 984 761 1044 Nasonem
776 983 868 1055 novit,
888 988 918 1043 et
932 982 1024 1041 audet
1060 1031 1063 1036 .

193 1082 246 1135 120
299 1071 366 1131 Non
381 1069 524 1130 fastiditis
539 1069 740 1128 adnumerare
754 1066 839 1126 viris.

258 1155 376 1216 Corruit
389 1153 467 1214 haec
481 1154 570 1229 igitur
582 1152 680 1212 Musis
695 1157 831 1226 accepta,
853 1149 911 1210 sub
925 1165 997 1225 uno,

297 1237 360 1299 Sed
374 1253 436 1297 non
451 1238 562 1311 exiguo
586 1237 711 1296 crimine
724 1235 814 1310 lapsa
828 1234 953 1299 domus:

257 1323 359 1396 Atque
373 1336 411 1380 ea
426 1321 471 1380 sic
484 1321 574 1395 lapsu
586 1325 643 1393 est,
666 1325 699 1379 ut
711 1334 846 1394 surgere,
869 1319 896 1378 si
910 1317 1002 1380 modo
1017 1318 1094 1378 laesi

211 1457 214 1466 2
296 1405 497 1465 Ematuruerit
511 1403 651 1464 Caesaris
667 1403 720 1476 ira,
744 1409 846 1478 queat.

194 1497 248 1555 111
261 1489 353 1550 Cuius
368 1489 398 1547 in
414 1494 525 1548 eventu
541 1502 660 1563 poenae
675 1485 835 1546 clementia
849 1491 932 1544 tanta
947 1491 1002 1560 est,

196 1639 199 1644 ,
298 1571 424 1631 Venerit
437 1577 471 1632 ut
482 1578 591 1632 nestro
606 1571 704 1630 lenior
718 1570 770 1630 illa
783 1577 875 1629 metu.

260 1655 331 1715 Vita
345 1655 416 1716 data
431 1662 487 1729 est,
504 1656 640 1730 citraque
655 1670 761 1714 necem
776 1660 828 1714 tua
843 1651 976 1714 constitit
989 1653 1042 1726 ira,

297 1739 320 1800 0
336 1739 479 1816 princeps
494 1753 587 1814 parea
602 1737 719 1798 viribus
734 1752 791 1796 use
806 1737 880 1796 tuis!

259 1823 389 1897 insuper
403 1823 563 1898 accedunt,
586 1831 615 1882 te
630 1837 691 1888 non
706 1821 868 1894 adimente,
891 1825 1068 1894 paternae...

197 1912 249 1969 130
300 1907 468 1981 Tamquam
483 1906 545 1966 vita
558 1921 666 1980 parum
680 1905 814 1964 muneris
829 1909 942 1964 esset...
958 1917 1045 1976 opes.

139 2045 142 2056 ,
256 1988 320 2049 Nee
334 2003 403 2048 mea
418 1989 541 2050 decreto
558 1989 707 2048 damnasti
723 1989 805 2047 iacta
819 1994 952 2059 senatus,

296 2072 359 2131 Nec
373 2087 443 2132 mea
457 2073 571 2134 selecto
586 2073 688 2132 iudice
704 2072 791 2132 iussa
808 2073 881 2145 luga
895 2076 951 2130 est.

256 2155 405 2217 Tristibus
420 2157 558 2218 invectus
574 2156 707 2217 verbis...
722 2155 764 2214 ita
777 2155 916 2230 principe
930 2151 1086 2228 dignum...

297 2239 385 2301 Ultus
401 2254 435 2298 es
451 2239 596 2312 offensas,
617 2245 649 2298 ut
663 2239 760 2313 decet,
782 2239 851 2313 ipse
865 2245 944 2298 tuas.

197 2331 247 2386 135
258 2322 359 2396 Adde,
381 2325 467 2397 quod
482 2324 624 2397 edietum,
648 2323 788 2398 quamvis
804 2322 917 2382 immite
931 2319 1107 2395 minaxque,

297 2405 439 2466 Attamen
455 2407 484 2466 in
500 2421 619 2482 poenae
634 2407 756 2466 nomine
771 2408 839 2466 lene
854 2405 922 2465 luit:

226 2545 228 2549 .
261 2487 380 2564 Quippe
394 2489 558 2564 relegatus,
579 2505 641 2550 non
657 2490 737 2562 exul,
761 2489 847 2548 dicor
860 2489 891 2548 in
905 2487 968 2561 illo,

299 2571 452 2646 Privaque
466 2573 606 2634 lortunae
620 2579 692 2633 sunt
706 2573 777 2633 data
792 2572 886 2632 verba
899 2585 996 2632 meac.

255 2654 343 2716 Nulla
358 2655 483 2730 quidem
498 2673 574 2718 sano
589 2656 712 2737 grauior
726 2656 898 2730 mentisque
912 2653 1027 2730 potenti

195 2746 247 2812 140
287 2738 400 2800 -Poena
415 2745 470 2814 est,
494 2756 585 2815 quam
598 2746 681 2800 tanto
696 2739 891 2815 displicuisse
908 2738 988 2797 viro:
1059 2755 1063 2765 ¹

259 2820 322 2882 Sed
336 2823 415 2883 solet
431 2824 581 2883 interdum
595 2825 661 2884 fieri
677 2822 825 2897 placabile
840 2837 960 2896 numen,
1020 2882 1022 2886 ,
1076 2827 1078 2832 “

298 2903 385 2964 Nube
401 2907 480 2964 solet
494 2909 584 2980 pulsa
598 2907 748 2966 candidus
763 2906 807 2966 ire
823 2906 900 2966 dies.

258 2986 331 3046 Vidi
345 3002 403 3061 ego
420 2988 591 3064 pampineis
606 2995 762 3052 oneratam
776 2989 888 3050 vitibus
903 2989 1026 3058 ulmum,

296 3069 380 3143 Quae
394 3070 492 3132 iuerat
506 3087 601 3132 suevo
617 3073 742 3134 fulmine
756 3079 838 3133 taem
851 3073 944 3133 Iovis.

196 3161 246 3231 145
258 3154 330 3229 Ipse
345 3153 415 3213 licet
429 3171 556 3231 sperare
570 3163 666 3230 vetes,
689 3157 898 3232 sperabimus,
919 3162 1012 3232 atque

294 3237 361 3296 Hoc
375 3254 470 3298 unum
483 3239 549 3300 fieri
563 3245 593 3299 te
607 3240 787 3315 probibente
802 3245 912 3315 potest.

260 3317 340 3396 Spes
354 3321 426 3381 mihi
442 3339 553 3397 magna
568 3323 657 3397 subit,
680 3339 748 3384 eum
763 3330 802 3395 te,
824 3322 984 3384 mitissime
1000 3333 1164 3398 princepsa

303 3402 383 3479 Spes
398 3405 480 3477 milii,
503 3406 635 3481 respicio
652 3423 721 3467 curu
734 3421 804 3466 mea
817 3406 888 3478 lata,
912 3401 1002 3466 eadit.

258 3486 306 3546 Ac
321 3486 414 3551 veluti
429 3487 528 3549 ventis
543 3489 726 3564 agitantibus
741 3490 814 3550 aera
827 3505 889 3551 non
904 3493 953 3550 est
