2524 4004
411 226 468 304 111,
490 227 526 306 o,
547 189 669 305 o-rv,
692 227 727 308 1,
748 227 798 295 tc.
892 175 907 205 ³

222 381 310 444 Unus
327 380 510 457 amicorum,
527 379 635 457 Brute,
651 383 809 458 rogandus
824 391 911 446 erato
1016 379 1019 384 '

129 475 164 531 46
178 466 247 529 Non
262 464 318 526 iuit
330 463 392 525 hoc
404 463 489 525 rond.
519 465 664 525 confesso
679 465 845 543 ignoscite,
864 468 962 530 docti=

223 548 324 612 Vilior
339 556 388 610 est
401 547 507 624 operis
523 548 605 608 ramo
618 547 717 610 solute
729 565 810 610 mea.

180 633 321 708 Denique
333 632 491 693 materiem
507 646 599 706 quam
614 632 685 707 quis
700 629 758 694 sibi
773 633 896 697 finxerit
909 635 986 711 ipse,

221 717 357 778 Arbitrio
371 716 470 778 veriet
483 715 577 776 multo
590 722 684 792 poeta
698 731 768 778 suo.

182 801 273 864 Musa
288 815 355 861 mea
370 807 419 860 est
432 799 527 860 index
541 799 665 861 nimium
682 815 806 878 quoque
818 814 896 862 vere
907 803 1068 884 maiorum,

133 895 169 947 5ο
225 885 328 960 Atque
342 883 510 960 incompti
526 883 667 958 pondero
682 885 768 946 testis
783 884 885 946 hehet.

139 1038 141 1042 ¹
181 967 245 1028 Nec
263 967 340 1028 liber
352 973 386 1030 ut
399 967 501 1042 ficret,
515 966 575 1028 sed
587 968 631 1028 uti
647 983 704 1028 suc
720 969 832 1045 coique
846 969 968 1033 dorem

224 1051 351 1126 Littera,
368 1051 562 1128 propositum
579 1065 715 1127 curaque
729 1060 836 1114 nostra
853 1052 918 1114 suit.
984 1082 987 1090 ,

180 1133 349 1197 Postmodo
364 1136 526 1208 collectos,
542 1141 708 1210 utcumque
722 1135 792 1196 sine
806 1136 929 1213 ordine,
946 1138 1045 1200 iunxi:

223 1219 291 1280 Hoc
306 1233 387 1295 opus
402 1219 532 1280 eiectum
545 1233 585 1280 ne
594 1217 672 1278 mihi
689 1218 768 1279 forte
783 1227 884 1296 putes.

129 1309 163 1365 55
177 1303 227 1364 Dc
239 1302 362 1363 veniam
376 1300 516 1379 scriptis,
533 1317 663 1379 quorum
677 1316 739 1363 non
758 1303 857 1379 gioria
871 1302 960 1366 nobis

224 1385 339 1461 Causa,
355 1386 412 1448 sed
426 1386 539 1448 utilitas
555 1386 753 1462 officiumque
767 1387 830 1447 icit

291 1638 293 1646 ’
393 1626 815 1762 oroortororoe

129 1819 168 1912 1.
220 1853 368 1915 soxro
389 1853 605 1916 correrio.

181 1939 318 2047 Accipe,
334 1970 476 2049 Pompei,
496 1972 660 2036 deductum
675 1985 798 2032 carmen
813 1969 851 2052 ob
866 1971 928 2048 ilio,
1046 2033 1049 2038 ,
1073 2011 1075 2017 -

219 2055 345 2116 Debitor
359 2061 408 2116 cst
418 2055 502 2116 vitoe
518 2055 570 2132 qui
583 2054 653 2132 tibi,
671 2053 782 2130 sexte,
798 2066 885 2118 suae.

178 2137 235 2217 Qui
249 2154 304 2200 seu
317 2152 380 2204 rron
395 2137 542 2213 prohibes
557 2155 576 2199 a
589 2153 639 2200 me
652 2145 705 2202 tue
720 2139 845 2202 nomine
858 2137 943 2216 poni,

219 2221 356 2284 Accedet
371 2223 487 2284 meritis
501 2223 579 2284 haec
594 2237 720 2300 quoque
734 2237 852 2284 summe
864 2222 943 2284 tuis:

148 2311 165 2365 5
182 2305 255 2368 Sive
269 2306 499 2382 dictrictius,
516 2307 662 2383 equidem
674 2321 826 2390 peccasse
840 2303 969 2382 fatebor,

158 2434 160 2438 -
216 2390 325 2454 Delicti
338 2397 440 2452 temen
454 2398 503 2452 est
517 2405 613 2454 cause
626 2391 788 2469 probanda
802 2391 872 2453 mei.

70 2485 72 2490 ·
174 2474 242 2535 Non
257 2474 355 2551 potuit
367 2489 437 2536 meo
452 2489 554 2553 mens,
571 2481 657 2538 esset
670 2476 744 2554 quin
758 2483 859 2552 grata,
874 2473 980 2538 teneri.

220 2557 265 2620 Sit
280 2571 391 2635 precor
406 2558 511 2622 officio
526 2561 704 2636 congiaris
717 2561 763 2621 ira
777 2560 839 2635 pio.

103 2671 107 2678 >
175 2640 215 2702 0!
233 2643 375 2718 quotiens
390 2658 449 2720 ego
465 2659 533 2708 sum
546 2642 632 2706 libris
647 2643 720 2704 mihi
734 2643 821 2704 visus
836 2641 948 2704 inistis

122 2731 164 2784 10¹
213 2726 346 2804 hippius,
363 2728 492 2791 irnulio
509 2727 594 2806 quod
606 2729 744 2804 legerere
757 2727 844 2788 loco:
895 2723 898 2729 '
952 2759 954 2763 -

176 2807 215 2869 Ot
234 2811 390 2888 quotiens,
405 2811 457 2874 alii
472 2813 585 2874 vellem
599 2827 669 2874 cum
684 2809 833 2886 scribere,
848 2823 960 2872 nomen

215 2893 340 2958 Rettulit
354 2896 385 2957 io
400 2906 489 2958 ceros
504 2896 602 2958 inscio
617 2895 726 2957 dextre
738 2901 840 2958 tuumt

172 2977 245 3053 Ipse
259 2980 332 3041 mihi
347 2980 462 3057 placuit
475 2980 597 3044 mendis
611 2981 643 3042 in
657 2977 769 3042 talibus
785 2993 880 3053 error,
976 3021 980 3027 -
997 3046 1000 3051 ,

213 3059 252 3124 Et
262 3065 319 3125 vix
331 3065 428 3128 invite
441 3065 523 3127 iacto
536 3066 625 3126 litura
638 3079 731 3124 manu
746 3069 802 3124 est.

110 3149 156 3212 ’15
172 3145 314 3210 ‘Viderit’
330 3149 371 3212 ad
386 3162 538 3212 summum
553 3149 626 3212 dixi.
657 3147 739 3208 ‘licet
753 3146 821 3223 ipse
837 3151 990 3222 queretur,
1053 3170 1056 3176 ·
1169 3133 1172 3140 ’

212 3229 300 3294 Herc
314 3233 411 3312 pudet
425 3231 576 3294 offensam
590 3247 651 3294 non
667 3231 818 3292 memisse
831 3230 940 3308 prius?

104 3385 106 3389 ¹
168 3313 216 3375 Da
230 3316 320 3392 mihi,
335 3318 363 3378 si
378 3317 453 3395 quid
466 3331 505 3378 eo
520 3325 584 3393 eet,
598 3315 791 3378 hebetantem
799 3321 932 3392 pectora
945 3312 1070 3384 Lethen,

11 3457 12 3460 ,
57 3461 59 3466 ,
213 3397 330 3463 Oblitus
345 3408 455 3480 potero
469 3417 532 3463 non
545 3408 647 3462 temen
663 3414 734 3462 esse
748 3399 800 3460 tui.

168 3481 268 3560 quue
283 3485 368 3550 sinos
384 3501 457 3561 oro,
475 3499 534 3548 ooo
548 3484 684 3549 iestiditc
697 3483 830 3560 repertas
