<?xml version="1.0" encoding="UTF-8"?>
<!DOCTYPE html PUBLIC "-//W3C//DTD XHTML 1.0 Transitional//EN"
    "http://www.w3.org/TR/xhtml1/DTD/xhtml1-transitional.dtd">
<html xmlns="http://www.w3.org/1999/xhtml" xml:lang="en" lang="en">
 <head>
  <title>
</title>
<meta http-equiv="Content-Type" content="text/html;charset=utf-8" />
  <meta name='ocr-system' content='tesseract 3.04.00' />
  <meta name='ocr-capabilities' content='ocr_page ocr_carea ocr_par ocr_line ocrx_word'/>
</head>
<body>
  <div class='ocr_page' id='page_1' title='image "./povidiusnaso01merkgoog_0125.png"; bbox 0 0 2520 4008; ppageno 0'>
   <div class='ocr_carea' id='block_1_1' title="bbox 152 176 732 254">
    <p class='ocr_par' dir='ltr' id='par_1_1' title="bbox 152 176 732 254">
     <span class='ocr_line' id='line_1_1' title="bbox 152 176 732 254; baseline -0.014 0"><span class='ocrx_word' id='word_1_1' title='bbox 152 189 214 254; x_wconf 88' lang='grc'><strong>110</strong></span> <span class='ocrx_word' id='word_1_2' title='bbox 585 176 732 247; x_wconf 84' lang='lat' dir='ltr'>IBIDIS</span> 
     </span>
    </p>
   </div>
   <div class='ocr_carea' id='block_1_2' title="bbox 112 336 1235 3604">
    <p class='ocr_par' dir='ltr' id='par_1_2' title="bbox 112 336 1235 3604">
     <span class='ocr_line' id='line_1_2' title="bbox 237 336 1008 415; baseline -0.009 -13"><span class='ocrx_word' id='word_1_3' title='bbox 237 341 283 403; x_wconf 89' lang='lat' dir='ltr'><strong>sit</strong></span> <span class='ocrx_word' id='word_1_4' title='bbox 297 342 351 402; x_wconf 93' lang='lat' dir='ltr'><strong>tibi</strong></span> <span class='ocrx_word' id='word_1_5' title='bbox 367 339 501 415; x_wconf 82' lang='lat' dir='ltr'><strong>coniugii</strong></span> <span class='ocrx_word' id='word_1_6' title='bbox 514 352 579 398; x_wconf 88' lang='lat' dir='ltr'><strong>nox</strong></span> <span class='ocrx_word' id='word_1_7' title='bbox 592 337 692 414; x_wconf 89' lang='lat' dir='ltr'><strong>prima</strong></span> <span class='ocrx_word' id='word_1_8' title='bbox 706 336 876 397; x_wconf 86' lang='lat' dir='ltr'><strong>novissima</strong></span> <span class='ocrx_word' id='word_1_9' title='bbox 889 337 989 399; x_wconf 71' lang='lat' dir='ltr'><strong>vitaes</strong></span> <span class='ocrx_word' id='word_1_10' title='bbox 1007 371 1008 374; x_wconf 59' lang='lat'><em>=</em></span> 
     </span>
     <span class='ocr_line' id='line_1_3' title="bbox 277 419 955 500; baseline -0.006 -16"><span class='ocrx_word' id='word_1_11' title='bbox 277 425 405 500; x_wconf 85' lang='lat' dir='ltr'><strong>Eupolis</strong></span> <span class='ocrx_word' id='word_1_12' title='bbox 419 424 481 484; x_wconf 90' lang='lat' dir='ltr'><strong>hoc</strong></span> <span class='ocrx_word' id='word_1_13' title='bbox 496 420 587 499; x_wconf 88' lang='lat' dir='ltr'><strong>periit</strong></span> <span class='ocrx_word' id='word_1_14' title='bbox 600 428 631 480; x_wconf 88' lang='lat' dir='ltr'><strong>et</strong></span> <span class='ocrx_word' id='word_1_15' title='bbox 644 419 837 497; x_wconf 71' lang='lat' dir='ltr'><strong>nouanupta</strong></span> <span class='ocrx_word' id='word_1_16' title='bbox 850 421 955 483; x_wconf 87' lang='lat' dir='ltr'><strong>modo.</strong></span> 
     </span>
     <span class='ocr_line' id='line_1_4' title="bbox 236 504 1097 585; baseline 0.002 -17"><span class='ocrx_word' id='word_1_17' title='bbox 236 507 336 584; x_wconf 88' lang='lat' dir='ltr'><strong>thue</strong></span> <span class='ocrx_word' id='word_1_18' title='bbox 350 507 561 569; x_wconf 87' lang='lat' dir='ltr'><strong>cothurnatum</strong></span> <span class='ocrx_word' id='word_1_19' title='bbox 576 504 727 564; x_wconf 88' lang='lat' dir='ltr'><strong>cecidisse</strong></span> <span class='ocrx_word' id='word_1_20' title='bbox 740 504 949 582; x_wconf 79' lang='lat' dir='ltr'>Lycophrona</span> <span class='ocrx_word' id='word_1_21' title='bbox 961 513 1097 585; x_wconf 76' lang='lat' dir='ltr'><strong>narrant,</strong></span> 
     </span>
     <span class='ocr_line' id='line_1_5' title="bbox 171 587 843 662; baseline -0.016 -6"><span class='ocrx_word' id='word_1_22' title='bbox 171 601 225 656; x_wconf 78' lang='grc'><strong>530</strong></span> <span class='ocrx_word' id='word_1_23' title='bbox 278 591 412 654; x_wconf 75' lang='lat' dir='ltr'><strong>Haereat</strong></span> <span class='ocrx_word' id='word_1_24' title='bbox 424 593 456 650; x_wconf 92' lang='lat' dir='ltr'><strong>in</strong></span> <span class='ocrx_word' id='word_1_25' title='bbox 470 590 556 651; x_wconf 86' lang='lat' dir='ltr'><strong>fibris</strong></span> <span class='ocrx_word' id='word_1_26' title='bbox 571 589 634 648; x_wconf 86' lang='lat' dir='ltr'><strong>fixa</strong></span> <span class='ocrx_word' id='word_1_27' title='bbox 647 587 760 662; x_wconf 78' lang='lat' dir='ltr'><strong>sagitta</strong></span> <span class='ocrx_word' id='word_1_28' title='bbox 771 589 843 648; x_wconf 87' lang='lat' dir='ltr'><strong>tuis.</strong></span> 
     </span>
     <span class='ocr_line' id='line_1_6' title="bbox 235 669 1001 748; baseline -0.004 -11"><span class='ocrx_word' id='word_1_29' title='bbox 235 675 299 737; x_wconf 86' lang='lat' dir='ltr'><strong>Aut</strong></span> <span class='ocrx_word' id='word_1_30' title='bbox 312 675 396 736; x_wconf 90' lang='lat' dir='ltr'><strong>lacer</strong></span> <span class='ocrx_word' id='word_1_31' title='bbox 409 675 440 735; x_wconf 90' lang='lat' dir='ltr'><strong>in</strong></span> <span class='ocrx_word' id='word_1_32' title='bbox 452 673 539 735; x_wconf 87' lang='lat' dir='ltr'><strong>silvis</strong></span> <span class='ocrx_word' id='word_1_33' title='bbox 553 669 694 732; x_wconf 88' lang='lat' dir='ltr'><strong>manibus</strong></span> <span class='ocrx_word' id='word_1_34' title='bbox 710 685 858 748; x_wconf 84' lang='lat' dir='ltr'><strong>spargare</strong></span> <span class='ocrx_word' id='word_1_35' title='bbox 871 678 1001 748; x_wconf 83' lang='lat' dir='ltr'><strong>tuonnn,</strong></span> 
     </span>
     <span class='ocr_line' id='line_1_7' title="bbox 152 754 1097 838; baseline -0.001 -19"><span class='ocrx_word' id='word_1_36' title='bbox 152 755 159 767; x_wconf 81' lang='lat'><strong><em>‘</em></strong></span> <span class='ocrx_word' id='word_1_37' title='bbox 179 767 180 772; x_wconf 76' lang='grc'>’</span> <span class='ocrx_word' id='word_1_38' title='bbox 282 758 417 836; x_wconf 82' lang='lat' dir='ltr'><strong>Sparsus</strong></span> <span class='ocrx_word' id='word_1_39' title='bbox 432 763 465 818; x_wconf 84' lang='lat' dir='ltr'><strong>ut</strong></span> <span class='ocrx_word' id='word_1_40' title='bbox 479 763 527 817; x_wconf 89' lang='lat' dir='ltr'><strong>est</strong></span> <span class='ocrx_word' id='word_1_41' title='bbox 538 754 651 815; x_wconf 86' lang='lat' dir='ltr'><strong>Thebis</strong></span> <span class='ocrx_word' id='word_1_42' title='bbox 666 771 767 830; x_wconf 80' lang='lat' dir='ltr'><strong>angue</strong></span> <span class='ocrx_word' id='word_1_43' title='bbox 782 762 902 817; x_wconf 85' lang='lat' dir='ltr'><strong>creatus</strong></span> <span class='ocrx_word' id='word_1_44' title='bbox 918 767 988 817; x_wconf 88' lang='lat' dir='ltr'><strong>avo.</strong></span> <span class='ocrx_word' id='word_1_45' title='bbox 1095 835 1097 838; x_wconf 16' lang='grc' dir='ltr'>Ι</span> 
     </span>
     <span class='ocr_line' id='line_1_8' title="bbox 236 839 1002 918; baseline -0.003 -14"><span class='ocrx_word' id='word_1_46' title='bbox 236 843 358 918; x_wconf 85' lang='lat' dir='ltr'><strong>Perque</strong></span> <span class='ocrx_word' id='word_1_47' title='bbox 372 843 455 902; x_wconf 87' lang='lat' dir='ltr'><strong>leros</strong></span> <span class='ocrx_word' id='word_1_48' title='bbox 471 844 592 902; x_wconf 84' lang='lat' dir='ltr'><strong>montes</strong></span> <span class='ocrx_word' id='word_1_49' title='bbox 606 845 695 900; x_wconf 86' lang='lat' dir='ltr'><strong>tauro</strong></span> <span class='ocrx_word' id='word_1_50' title='bbox 710 839 848 914; x_wconf 81' lang='lat' dir='ltr'><strong>rapiente</strong></span> <span class='ocrx_word' id='word_1_51' title='bbox 861 839 1002 916; x_wconf 82' lang='lat' dir='ltr'><strong>traharis,</strong></span> 
     </span>
     <span class='ocr_line' id='line_1_9' title="bbox 279 922 919 1001; baseline -0.008 -15"><span class='ocrx_word' id='word_1_52' title='bbox 279 927 318 986; x_wconf 90' lang='lat' dir='ltr'><strong>Ut</strong></span> <span class='ocrx_word' id='word_1_53' title='bbox 329 932 426 986; x_wconf 88' lang='lat' dir='ltr'><strong>tracta</strong></span> <span class='ocrx_word' id='word_1_54' title='bbox 441 930 489 985; x_wconf 86' lang='lat' dir='ltr'><strong>est</strong></span> <span class='ocrx_word' id='word_1_55' title='bbox 503 923 637 985; x_wconf 86' lang='lat' dir='ltr'><strong>coniunx</strong></span> <span class='ocrx_word' id='word_1_56' title='bbox 651 922 820 996; x_wconf 87' lang='lat' dir='ltr'><strong>imperiosa</strong></span> <span class='ocrx_word' id='word_1_57' title='bbox 832 923 919 1001; x_wconf 84' lang='lat' dir='ltr'><strong>Lyci.</strong></span> 
     </span>
     <span class='ocr_line' id='line_1_10' title="bbox 171 1005 1008 1086; baseline -0.004 -15"><span class='ocrx_word' id='word_1_58' title='bbox 171 1005 223 1072; x_wconf 81' lang='grc'><strong>555</strong></span> <span class='ocrx_word' id='word_1_59' title='bbox 239 1009 393 1086; x_wconf 80' lang='lat' dir='ltr'><strong>Quodque</strong></span> <span class='ocrx_word' id='word_1_60' title='bbox 406 1023 482 1068; x_wconf 87' lang='lat' dir='ltr'><strong>suae</strong></span> <span class='ocrx_word' id='word_1_61' title='bbox 496 1023 592 1086; x_wconf 88' lang='lat' dir='ltr'><strong>possa</strong></span> <span class='ocrx_word' id='word_1_62' title='bbox 606 1011 654 1066; x_wconf 86' lang='lat' dir='ltr'><strong>est</strong></span> <span class='ocrx_word' id='word_1_63' title='bbox 667 1005 760 1081; x_wconf 87' lang='lat' dir='ltr'><strong>pelex</strong></span> <span class='ocrx_word' id='word_1_64' title='bbox 773 1006 869 1068; x_wconf 87' lang='lat' dir='ltr'><strong>invita</strong></span> <span class='ocrx_word' id='word_1_65' title='bbox 883 1007 1008 1084; x_wconf 78' lang='lat' dir='ltr'><strong>sororia,</strong></span> 
     </span>
     <span class='ocr_line' id='line_1_11' title="bbox 112 1089 1037 1167; baseline -0.001 -15"><span class='ocrx_word' id='word_1_66' title='bbox 112 1094 114 1098; x_wconf 82' lang='grc'>’</span> <span class='ocrx_word' id='word_1_67' title='bbox 278 1091 409 1153; x_wconf 81' lang='lat' dir='ltr'><strong>Excidat</strong></span> <span class='ocrx_word' id='word_1_68' title='bbox 423 1098 493 1152; x_wconf 90' lang='lat' dir='ltr'><strong>ante</strong></span> <span class='ocrx_word' id='word_1_69' title='bbox 507 1091 606 1167; x_wconf 89' lang='lat' dir='ltr'><strong>pedes</strong></span> <span class='ocrx_word' id='word_1_70' title='bbox 621 1089 725 1164; x_wconf 76' lang='lat' dir='ltr'><strong>lingua</strong></span> <span class='ocrx_word' id='word_1_71' title='bbox 739 1095 861 1150; x_wconf 90' lang='lat' dir='ltr'><strong>resecta</strong></span> <span class='ocrx_word' id='word_1_72' title='bbox 873 1096 955 1152; x_wconf 90' lang='lat' dir='ltr'><strong>tuos.</strong></span> <span class='ocrx_word' id='word_1_73' title='bbox 1036 1127 1037 1130; x_wconf 59' lang='lat'><em>=</em></span> 
     </span>
     <span class='ocr_line' id='line_1_12' title="bbox 238 1173 1048 1253; baseline -0.001 -17"><span class='ocrx_word' id='word_1_74' title='bbox 238 1175 385 1240; x_wconf 85' lang='lat' dir='ltr'><strong>Conditor</strong></span> <span class='ocrx_word' id='word_1_75' title='bbox 397 1183 430 1236; x_wconf 94' lang='lat' dir='ltr'><strong>ut</strong></span> <span class='ocrx_word' id='word_1_76' title='bbox 442 1176 564 1249; x_wconf 81' lang='lat' dir='ltr'><strong>tardae,</strong></span> <span class='ocrx_word' id='word_1_77' title='bbox 578 1173 710 1234; x_wconf 86' lang='lat' dir='ltr'><strong>Blaesus</strong></span> <span class='ocrx_word' id='word_1_78' title='bbox 726 1173 923 1249; x_wconf 79' lang='lat' dir='ltr'><strong>cognomine,</strong></span> <span class='ocrx_word' id='word_1_79' title='bbox 938 1174 1048 1253; x_wconf 77' lang='lat' dir='ltr'><strong>Cyrae,</strong></span> 
     </span>
     <span class='ocr_line' id='line_1_13' title="bbox 280 1255 868 1320; baseline -0.007 0"><span class='ocrx_word' id='word_1_80' title='bbox 280 1255 369 1320; x_wconf 87' lang='lat' dir='ltr'><strong>Orbis</strong></span> <span class='ocrx_word' id='word_1_81' title='bbox 380 1260 411 1320; x_wconf 93' lang='lat' dir='ltr'><strong>in</strong></span> <span class='ocrx_word' id='word_1_82' title='bbox 425 1259 593 1320; x_wconf 87' lang='lat' dir='ltr'><strong>innumeris</strong></span> <span class='ocrx_word' id='word_1_83' title='bbox 608 1257 766 1317; x_wconf 87' lang='lat' dir='ltr'><strong>inveniare</strong></span> <span class='ocrx_word' id='word_1_84' title='bbox 779 1258 868 1319; x_wconf 90' lang='lat' dir='ltr'><strong>locis.</strong></span> 
     </span>
     <span class='ocr_line' id='line_1_14' title="bbox 236 1337 956 1420; baseline 0.003 -18"><span class='ocrx_word' id='word_1_85' title='bbox 236 1343 333 1419; x_wconf 87' lang='lat' dir='ltr'><strong>Inque</strong></span> <span class='ocrx_word' id='word_1_86' title='bbox 346 1345 408 1405; x_wconf 87' lang='lat' dir='ltr'><strong>tuis</strong></span> <span class='ocrx_word' id='word_1_87' title='bbox 423 1343 543 1420; x_wconf 79' lang='lat' dir='ltr'><strong>opifex,</strong></span> <span class='ocrx_word' id='word_1_88' title='bbox 557 1342 620 1402; x_wconf 86' lang='lat' dir='ltr'><strong>vati</strong></span> <span class='ocrx_word' id='word_1_89' title='bbox 635 1341 720 1417; x_wconf 90' lang='lat' dir='ltr'><strong>quod</strong></span> <span class='ocrx_word' id='word_1_90' title='bbox 733 1341 807 1402; x_wconf 89' lang='lat' dir='ltr'><strong>iecit</strong></span> <span class='ocrx_word' id='word_1_91' title='bbox 819 1337 956 1418; x_wconf 80' lang='lat' dir='ltr'><strong>Achaeo,</strong></span> 
     </span>
     <span class='ocr_line' id='line_1_15' title="bbox 171 1424 915 1502; baseline -0.008 -12"><span class='ocrx_word' id='word_1_92' title='bbox 171 1435 224 1490; x_wconf 82' lang='lat'><strong>540</strong></span> <span class='ocrx_word' id='word_1_93' title='bbox 279 1427 380 1488; x_wconf 87' lang='lat' dir='ltr'><strong>Noxia</strong></span> <span class='ocrx_word' id='word_1_94' title='bbox 392 1425 556 1490; x_wconf 86' lang='lat' dir='ltr'><strong>luminibus</strong></span> <span class='ocrx_word' id='word_1_95' title='bbox 571 1424 693 1502; x_wconf 90' lang='lat' dir='ltr'><strong>spicula</strong></span> <span class='ocrx_word' id='word_1_96' title='bbox 707 1426 822 1486; x_wconf 84' lang='lat' dir='ltr'><strong>condat</strong></span> <span class='ocrx_word' id='word_1_97' title='bbox 835 1425 915 1501; x_wconf 88' lang='lat' dir='ltr'><strong>apis.</strong></span> 
     </span>
     <span class='ocr_line' id='line_1_16' title="bbox 235 1509 919 1586; baseline -0.006 -12"><span class='ocrx_word' id='word_1_98' title='bbox 235 1511 331 1574; x_wconf 84' lang='lat' dir='ltr'><strong>Fixus</strong></span> <span class='ocrx_word' id='word_1_99' title='bbox 346 1517 377 1572; x_wconf 87' lang='lat' dir='ltr'><strong>et</strong></span> <span class='ocrx_word' id='word_1_100' title='bbox 390 1512 421 1572; x_wconf 93' lang='lat' dir='ltr'><strong>in</strong></span> <span class='ocrx_word' id='word_1_101' title='bbox 436 1511 520 1573; x_wconf 88' lang='lat' dir='ltr'><strong>duris</strong></span> <span class='ocrx_word' id='word_1_102' title='bbox 535 1510 673 1586; x_wconf 83' lang='lat' dir='ltr'><strong>carparis</strong></span> <span class='ocrx_word' id='word_1_103' title='bbox 687 1509 810 1570; x_wconf 87' lang='lat' dir='ltr'><strong>viscera</strong></span> <span class='ocrx_word' id='word_1_104' title='bbox 824 1510 919 1584; x_wconf 81' lang='lat' dir='ltr'><strong>saxis,</strong></span> 
     </span>
     <span class='ocr_line' id='line_1_17' title="bbox 280 1593 1235 1674; baseline -0.005 -20"><span class='ocrx_word' id='word_1_105' title='bbox 280 1595 321 1655; x_wconf 84' lang='lat' dir='ltr'><strong>tlt</strong></span> <span class='ocrx_word' id='word_1_106' title='bbox 334 1595 383 1658; x_wconf 90' lang='lat' dir='ltr'><strong>cui</strong></span> <span class='ocrx_word' id='word_1_107' title='bbox 397 1594 516 1674; x_wconf 82' lang='lat' dir='ltr'><strong>Pyrrha</strong></span> <span class='ocrx_word' id='word_1_108' title='bbox 530 1595 579 1658; x_wconf 88' lang='lat' dir='ltr'><strong>sui</strong></span> <span class='ocrx_word' id='word_1_109' title='bbox 594 1593 657 1654; x_wconf 91' lang='lat' dir='ltr'><strong>illia</strong></span> <span class='ocrx_word' id='word_1_110' title='bbox 671 1593 773 1654; x_wconf 78' lang='lat' dir='ltr'><strong>fratris</strong></span> <span class='ocrx_word' id='word_1_111' title='bbox 788 1600 862 1654; x_wconf 89' lang='lat' dir='ltr'><strong>erat.</strong></span> <span class='ocrx_word' id='word_1_112' title='bbox 1234 1631 1235 1674; x_wconf 59' lang='lat'><strong>,</strong></span> 
     </span>
     <span class='ocr_line' id='line_1_18' title="bbox 237 1677 1235 1757; baseline -0.003 -17"><span class='ocrx_word' id='word_1_113' title='bbox 237 1678 278 1740; x_wconf 89' lang='lat' dir='ltr'><strong>Ut</strong></span> <span class='ocrx_word' id='word_1_114' title='bbox 291 1695 369 1756; x_wconf 89' lang='lat' dir='ltr'><strong>puer</strong></span> <span class='ocrx_word' id='word_1_115' title='bbox 382 1679 575 1757; x_wconf 74' lang='lat' dir='ltr'><strong>Harpalyces</strong></span> <span class='ocrx_word' id='word_1_116' title='bbox 589 1679 706 1738; x_wconf 84' lang='lat' dir='ltr'><strong>reseras</strong></span> <span class='ocrx_word' id='word_1_117' title='bbox 722 1679 865 1753; x_wconf 84' lang='lat' dir='ltr'><strong>exempla</strong></span> <span class='ocrx_word' id='word_1_118' title='bbox 877 1677 1061 1756; x_wconf 71' lang='lat' dir='ltr'><strong>Thyestae,</strong></span> <span class='ocrx_word' id='word_1_119' title='bbox 1234 1677 1235 1730; x_wconf 90' lang='lat' dir='ltr'><strong>l</strong></span> 
     </span>
     <span class='ocr_line' id='line_1_19' title="bbox 278 1762 887 1839; baseline -0.002 -18"><span class='ocrx_word' id='word_1_120' title='bbox 278 1762 374 1839; x_wconf 90' lang='lat' dir='ltr'><strong>Inque</strong></span> <span class='ocrx_word' id='word_1_121' title='bbox 389 1764 432 1823; x_wconf 86' lang='lat' dir='ltr'><strong>tui</strong></span> <span class='ocrx_word' id='word_1_122' title='bbox 448 1778 559 1824; x_wconf 90' lang='lat' dir='ltr'><strong>caesus</strong></span> <span class='ocrx_word' id='word_1_123' title='bbox 573 1763 696 1822; x_wconf 87' lang='lat' dir='ltr'><strong>viscera</strong></span> <span class='ocrx_word' id='word_1_124' title='bbox 711 1762 806 1837; x_wconf 89' lang='lat' dir='ltr'><strong>patris</strong></span> <span class='ocrx_word' id='word_1_125' title='bbox 822 1777 887 1821; x_wconf 87' lang='lat' dir='ltr'><strong>eas.</strong></span> 
     </span>
     <span class='ocr_line' id='line_1_20' title="bbox 177 1845 1235 1922; baseline -0.002 -16"><span class='ocrx_word' id='word_1_126' title='bbox 177 1854 229 1907; x_wconf 84' lang='grc'><strong>545</strong></span> <span class='ocrx_word' id='word_1_127' title='bbox 244 1845 363 1906; x_wconf 83' lang='lat' dir='ltr'><strong>Trunca</strong></span> <span class='ocrx_word' id='word_1_128' title='bbox 376 1861 466 1922; x_wconf 81' lang='lat' dir='ltr'><strong>geras</strong></span> <span class='ocrx_word' id='word_1_129' title='bbox 482 1861 578 1906; x_wconf 89' lang='lat' dir='ltr'><strong>saevo</strong></span> <span class='ocrx_word' id='word_1_130' title='bbox 591 1846 735 1906; x_wconf 89' lang='lat' dir='ltr'><strong>mutilatis</strong></span> <span class='ocrx_word' id='word_1_131' title='bbox 750 1845 889 1922; x_wconf 87' lang='lat' dir='ltr'><strong>partibus</strong></span> <span class='ocrx_word' id='word_1_132' title='bbox 905 1861 988 1920; x_wconf 87' lang='lat' dir='ltr'><strong>ense,</strong></span> <span class='ocrx_word' id='word_1_133' title='bbox 1234 1903 1235 1920; x_wconf 32' lang='lat'><em>2</em></span> 
     </span>
     <span class='ocr_line' id='line_1_21' title="bbox 282 1929 1235 2004; baseline -0.005 -11"><span class='ocrx_word' id='word_1_134' title='bbox 282 1930 389 2004; x_wconf 85' lang='lat' dir='ltr'><strong>Qualia</strong></span> <span class='ocrx_word' id='word_1_135' title='bbox 402 1931 568 1990; x_wconf 86' lang='lat' dir='ltr'><strong>Mamertae</strong></span> <span class='ocrx_word' id='word_1_136' title='bbox 581 1929 718 1991; x_wconf 90' lang='lat' dir='ltr'><strong>membra</strong></span> <span class='ocrx_word' id='word_1_137' title='bbox 732 1930 831 1990; x_wconf 83' lang='lat' dir='ltr'><strong>luisse</strong></span> <span class='ocrx_word' id='word_1_138' title='bbox 846 1930 954 1992; x_wconf 86' lang='lat' dir='ltr'><strong>larunt.</strong></span> <span class='ocrx_word' id='word_1_139' title='bbox 1126 1956 1172 1974; x_wconf 90' lang='lat'><strong>··-</strong></span> <span class='ocrx_word' id='word_1_140' title='bbox 1234 1929 1235 1934; x_wconf 77' lang='grc'>’</span> 
     </span>
     <span class='ocr_line' id='line_1_22' title="bbox 238 2013 959 2093; baseline 0 -19"><span class='ocrx_word' id='word_1_141' title='bbox 238 2013 341 2089; x_wconf 90' lang='lat' dir='ltr'><strong>thue</strong></span> <span class='ocrx_word' id='word_1_142' title='bbox 356 2013 524 2093; x_wconf 86' lang='lat' dir='ltr'><strong>Syracosio</strong></span> <span class='ocrx_word' id='word_1_143' title='bbox 540 2016 721 2090; x_wconf 88' lang='lat' dir='ltr'><strong>praestricta</strong></span> <span class='ocrx_word' id='word_1_144' title='bbox 736 2015 825 2076; x_wconf 84' lang='lat' dir='ltr'><strong>fauce</strong></span> <span class='ocrx_word' id='word_1_145' title='bbox 839 2019 959 2090; x_wconf 91' lang='lat' dir='ltr'><strong>poetae,</strong></span> 
     </span>
     <span class='ocr_line' id='line_1_23' title="bbox 282 2097 929 2174; baseline -0.002 -17"><span class='ocrx_word' id='word_1_146' title='bbox 282 2097 334 2158; x_wconf 90' lang='lat' dir='ltr'><strong>Sic</strong></span> <span class='ocrx_word' id='word_1_147' title='bbox 349 2098 468 2159; x_wconf 89' lang='lat' dir='ltr'><strong>animae</strong></span> <span class='ocrx_word' id='word_1_148' title='bbox 483 2098 593 2174; x_wconf 89' lang='lat' dir='ltr'><strong>laqueo</strong></span> <span class='ocrx_word' id='word_1_149' title='bbox 609 2099 650 2159; x_wconf 87' lang='lat' dir='ltr'><strong>sit</strong></span> <span class='ocrx_word' id='word_1_150' title='bbox 663 2099 714 2158; x_wconf 86' lang='lat' dir='ltr'><strong>via</strong></span> <span class='ocrx_word' id='word_1_151' title='bbox 728 2101 835 2160; x_wconf 86' lang='lat' dir='ltr'><strong>clausa</strong></span> <span class='ocrx_word' id='word_1_152' title='bbox 848 2106 929 2159; x_wconf 86' lang='lat' dir='ltr'><strong>tuae.</strong></span> 
     </span>
     <span class='ocr_line' id='line_1_24' title="bbox 239 2181 953 2260; baseline 0.003 -21"><span class='ocrx_word' id='word_1_153' title='bbox 239 2181 367 2242; x_wconf 89' lang='lat' dir='ltr'><strong>Nudave</strong></span> <span class='ocrx_word' id='word_1_154' title='bbox 381 2183 510 2259; x_wconf 90' lang='lat' dir='ltr'><strong>derepta</strong></span> <span class='ocrx_word' id='word_1_155' title='bbox 523 2189 649 2260; x_wconf 88' lang='lat' dir='ltr'><strong>pateant</strong></span> <span class='ocrx_word' id='word_1_156' title='bbox 662 2189 715 2242; x_wconf 91' lang='lat' dir='ltr'><strong>tua</strong></span> <span class='ocrx_word' id='word_1_157' title='bbox 728 2183 851 2243; x_wconf 88' lang='lat' dir='ltr'><strong>viscera</strong></span> <span class='ocrx_word' id='word_1_158' title='bbox 865 2183 953 2258; x_wconf 88' lang='lat' dir='ltr'><strong>pella,</strong></span> 
     </span>
     <span class='ocr_line' id='line_1_25' title="bbox 175 2265 988 2346; baseline -0.001 -21"><span class='ocrx_word' id='word_1_159' title='bbox 175 2272 229 2325; x_wconf 82' lang='grc'><strong>555</strong></span> <span class='ocrx_word' id='word_1_160' title='bbox 285 2265 324 2326; x_wconf 87' lang='lat' dir='ltr'><strong>Ut</strong></span> <span class='ocrx_word' id='word_1_161' title='bbox 336 2265 503 2346; x_wconf 82' lang='lat' dir='ltr'><strong>Phrygium</strong></span> <span class='ocrx_word' id='word_1_162' title='bbox 517 2268 603 2327; x_wconf 91' lang='lat' dir='ltr'><strong>cuius</strong></span> <span class='ocrx_word' id='word_1_163' title='bbox 618 2267 743 2327; x_wconf 89' lang='lat' dir='ltr'><strong>nomina</strong></span> <span class='ocrx_word' id='word_1_164' title='bbox 757 2265 872 2326; x_wconf 90' lang='lat' dir='ltr'><strong>flumen</strong></span> <span class='ocrx_word' id='word_1_165' title='bbox 886 2265 988 2327; x_wconf 86' lang='lat' dir='ltr'><strong>habet.</strong></span> 
     </span>
     <span class='ocr_line' id='line_1_26' title="bbox 241 2349 881 2423; baseline -0.005 -11"><span class='ocrx_word' id='word_1_166' title='bbox 241 2349 394 2412; x_wconf 84' lang='lat' dir='ltr'><strong>Saxificae</strong></span> <span class='ocrx_word' id='word_1_167' title='bbox 408 2349 517 2411; x_wconf 89' lang='lat' dir='ltr'><strong>videas</strong></span> <span class='ocrx_word' id='word_1_168' title='bbox 532 2351 638 2412; x_wconf 84' lang='lat' dir='ltr'><strong>infelix</strong></span> <span class='ocrx_word' id='word_1_169' title='bbox 653 2357 709 2411; x_wconf 89' lang='lat' dir='ltr'><strong>ora</strong></span> <span class='ocrx_word' id='word_1_170' title='bbox 721 2351 881 2423; x_wconf 84' lang='lat' dir='ltr'><strong>Medusae,</strong></span> 
     </span>
     <span class='ocr_line' id='line_1_27' title="bbox 283 2431 948 2508; baseline -0.002 -17"><span class='ocrx_word' id='word_1_171' title='bbox 283 2431 459 2507; x_wconf 81' lang='lat' dir='ltr'><strong>Cephenum</strong></span> <span class='ocrx_word' id='word_1_172' title='bbox 474 2436 587 2495; x_wconf 86' lang='lat' dir='ltr'><strong>multos</strong></span> <span class='ocrx_word' id='word_1_173' title='bbox 604 2449 683 2508; x_wconf 90' lang='lat' dir='ltr'><strong>quae</strong></span> <span class='ocrx_word' id='word_1_174' title='bbox 698 2434 783 2494; x_wconf 87' lang='lat' dir='ltr'><strong>dedit</strong></span> <span class='ocrx_word' id='word_1_175' title='bbox 796 2449 858 2494; x_wconf 92' lang='lat' dir='ltr'><strong>una</strong></span> <span class='ocrx_word' id='word_1_176' title='bbox 871 2435 948 2494; x_wconf 87' lang='lat' dir='ltr'><strong>naci.</strong></span> 
     </span>
     <span class='ocr_line' id='line_1_28' title="bbox 239 2516 1087 2592; baseline 0 -18"><span class='ocrx_word' id='word_1_177' title='bbox 239 2516 419 2577; x_wconf 90' lang='lat' dir='ltr'><strong>Potniadum</strong></span> <span class='ocrx_word' id='word_1_178' title='bbox 433 2532 555 2578; x_wconf 89' lang='lat' dir='ltr'><strong>morsus</strong></span> <span class='ocrx_word' id='word_1_179' title='bbox 570 2517 699 2590; x_wconf 88' lang='lat' dir='ltr'><strong>subeas,</strong></span> <span class='ocrx_word' id='word_1_180' title='bbox 714 2518 911 2591; x_wconf 68' lang='lat' dir='ltr'><strong>ulfilanam,</strong></span> <span class='ocrx_word' id='word_1_181' title='bbox 927 2530 1087 2592; x_wconf 86' lang='lat' dir='ltr'><strong>equarum,</strong></span> 
     </span>
     <span class='ocr_line' id='line_1_29' title="bbox 279 2599 1081 2684; baseline 0.002 -25"><span class='ocrx_word' id='word_1_182' title='bbox 279 2599 377 2676; x_wconf 89' lang='lat' dir='ltr'><strong>Inque</strong></span> <span class='ocrx_word' id='word_1_183' title='bbox 390 2601 483 2662; x_wconf 90' lang='lat' dir='ltr'><strong>maris</strong></span> <span class='ocrx_word' id='word_1_184' title='bbox 499 2602 608 2676; x_wconf 88' lang='lat' dir='ltr'><strong>salias,</strong></span> <span class='ocrx_word' id='word_1_185' title='bbox 626 2603 760 2662; x_wconf 84' lang='lat' dir='ltr'><strong>Glaucus</strong></span> <span class='ocrx_word' id='word_1_186' title='bbox 775 2607 809 2662; x_wconf 86' lang='lat' dir='ltr'><strong>ut</strong></span> <span class='ocrx_word' id='word_1_187' title='bbox 823 2603 913 2675; x_wconf 89' lang='lat' dir='ltr'><strong>alter,</strong></span> <span class='ocrx_word' id='word_1_188' title='bbox 928 2617 1036 2676; x_wconf 89' lang='lat' dir='ltr'><strong>aquas.</strong></span> <span class='ocrx_word' id='word_1_189' title='bbox 1076 2675 1081 2684; x_wconf 14' lang='lat' dir='ltr'>k</span> 
     </span>
     <span class='ocr_line' id='line_1_30' title="bbox 174 2683 1064 2758; baseline 0.001 -15"><span class='ocrx_word' id='word_1_190' title='bbox 174 2689 226 2744; x_wconf 83' lang='grc'><strong>555</strong></span> <span class='ocrx_word' id='word_1_191' title='bbox 240 2683 341 2758; x_wconf 89' lang='lat' dir='ltr'><strong>thue</strong></span> <span class='ocrx_word' id='word_1_192' title='bbox 355 2684 477 2749; x_wconf 89' lang='lat' dir='ltr'><strong>duobus</strong></span> <span class='ocrx_word' id='word_1_193' title='bbox 493 2686 573 2746; x_wconf 90' lang='lat' dir='ltr'><strong>idem</strong></span> <span class='ocrx_word' id='word_1_194' title='bbox 591 2687 680 2746; x_wconf 91' lang='lat' dir='ltr'><strong>dictis</strong></span> <span class='ocrx_word' id='word_1_195' title='bbox 694 2687 788 2746; x_wconf 91' lang='lat' dir='ltr'><strong>modo</strong></span> <span class='ocrx_word' id='word_1_196' title='bbox 805 2695 917 2746; x_wconf 89' lang='lat' dir='ltr'><strong>nomen</strong></span> <span class='ocrx_word' id='word_1_197' title='bbox 931 2684 1064 2756; x_wconf 87' lang='lat' dir='ltr'><strong>habenti,</strong></span> 
     </span>
     <span class='ocr_line' id='line_1_31' title="bbox 278 2766 932 2831; baseline 0.002 -4"><span class='ocrx_word' id='word_1_198' title='bbox 278 2766 459 2831; x_wconf 81' lang='lat' dir='ltr'><strong>Praefocent</strong></span> <span class='ocrx_word' id='word_1_199' title='bbox 472 2771 591 2831; x_wconf 89' lang='lat' dir='ltr'><strong>animae</strong></span> <span class='ocrx_word' id='word_1_200' title='bbox 607 2771 722 2830; x_wconf 89' lang='lat' dir='ltr'><strong>Gnosia</strong></span> <span class='ocrx_word' id='word_1_201' title='bbox 737 2769 829 2830; x_wconf 90' lang='lat' dir='ltr'><strong>mella</strong></span> <span class='ocrx_word' id='word_1_202' title='bbox 841 2770 932 2829; x_wconf 86' lang='lat' dir='ltr'><strong>viam.</strong></span> 
     </span>
     <span class='ocr_line' id='line_1_32' title="bbox 240 2851 971 2932; baseline 0.004 -21"><span class='ocrx_word' id='word_1_203' title='bbox 240 2851 438 2927; x_wconf 82' lang='lat' dir='ltr'><strong>Sollicitoque</strong></span> <span class='ocrx_word' id='word_1_204' title='bbox 452 2852 558 2928; x_wconf 89' lang='lat' dir='ltr'><strong>bibas,</strong></span> <span class='ocrx_word' id='word_1_205' title='bbox 574 2854 669 2932; x_wconf 75' lang='lat' dir='ltr'><strong>Anyti</strong></span> <span class='ocrx_word' id='word_1_206' title='bbox 685 2854 882 2916; x_wconf 87' lang='lat' dir='ltr'><strong>doctissimus</strong></span> <span class='ocrx_word' id='word_1_207' title='bbox 899 2853 971 2914; x_wconf 83' lang='lat' dir='ltr'><strong>alirn</strong></span> 
     </span>
     <span class='ocr_line' id='line_1_33' title="bbox 280 2935 851 3013; baseline 0 -18"><span class='ocrx_word' id='word_1_208' title='bbox 280 2935 494 3010; x_wconf 86' lang='lat' dir='ltr'><strong>Inperturbato</strong></span> <span class='ocrx_word' id='word_1_209' title='bbox 511 2937 595 3013; x_wconf 91' lang='lat' dir='ltr'><strong>quod</strong></span> <span class='ocrx_word' id='word_1_210' title='bbox 608 2937 685 2998; x_wconf 85' lang='lat' dir='ltr'><strong>bibit</strong></span> <span class='ocrx_word' id='word_1_211' title='bbox 699 2953 754 2999; x_wconf 89' lang='lat' dir='ltr'><strong>ore</strong></span> <span class='ocrx_word' id='word_1_212' title='bbox 768 2955 851 2999; x_wconf 91' lang='lat' dir='ltr'><strong>reus.</strong></span> 
     </span>
     <span class='ocr_line' id='line_1_34' title="bbox 237 3017 1043 3096; baseline -0.005 -20"><span class='ocrx_word' id='word_1_213' title='bbox 237 3018 301 3078; x_wconf 87' lang='lat' dir='ltr'><strong>Nec</strong></span> <span class='ocrx_word' id='word_1_214' title='bbox 314 3018 382 3093; x_wconf 89' lang='lat' dir='ltr'><strong>tibi,</strong></span> <span class='ocrx_word' id='word_1_215' title='bbox 398 3019 501 3094; x_wconf 88' lang='lat' dir='ltr'><strong>siquid</strong></span> <span class='ocrx_word' id='word_1_216' title='bbox 515 3037 616 3096; x_wconf 90' lang='lat' dir='ltr'><strong>amas,</strong></span> <span class='ocrx_word' id='word_1_217' title='bbox 633 3023 752 3084; x_wconf 86' lang='lat' dir='ltr'><strong>felicius</strong></span> <span class='ocrx_word' id='word_1_218' title='bbox 767 3023 926 3084; x_wconf 86' lang='lat' dir='ltr'><strong>Haemone</strong></span> <span class='ocrx_word' id='word_1_219' title='bbox 941 3017 1043 3080; x_wconf 81' lang='lat' dir='ltr'><strong>cedat:</strong></span> 
     </span>
     <span class='ocr_line' id='line_1_35' title="bbox 174 3101 1233 3186; baseline 0.002 -21"><span class='ocrx_word' id='word_1_220' title='bbox 174 3110 227 3165; x_wconf 81' lang='grc'><strong>550</strong></span> <span class='ocrx_word' id='word_1_221' title='bbox 283 3101 385 3176; x_wconf 88' lang='lat' dir='ltr'><strong>thue</strong></span> <span class='ocrx_word' id='word_1_222' title='bbox 399 3118 457 3167; x_wconf 86' lang='lat' dir='ltr'><strong>sua</strong></span> <span class='ocrx_word' id='word_1_223' title='bbox 466 3103 643 3182; x_wconf 89' lang='lat' dir='ltr'><strong>Macareus,</strong></span> <span class='ocrx_word' id='word_1_224' title='bbox 660 3109 705 3167; x_wconf 91' lang='lat' dir='ltr'><strong>sic</strong></span> <span class='ocrx_word' id='word_1_225' title='bbox 721 3105 840 3181; x_wconf 89' lang='lat' dir='ltr'><strong>potiare</strong></span> <span class='ocrx_word' id='word_1_226' title='bbox 854 3113 917 3167; x_wconf 87' lang='lat' dir='ltr'><strong>tua.</strong></span> <span class='ocrx_word' id='word_1_227' title='bbox 1232 3183 1233 3186; x_wconf 8' lang='grc' dir='ltr'><strong>Ἴ</strong></span> 
     </span>
     <span class='ocr_line' id='line_1_36' title="bbox 238 3185 1233 3278; baseline 0.001 -33"><span class='ocrx_word' id='word_1_228' title='bbox 238 3185 298 3246; x_wconf 88' lang='lat' dir='ltr'><strong>Vel</strong></span> <span class='ocrx_word' id='word_1_229' title='bbox 313 3185 438 3261; x_wconf 89' lang='lat' dir='ltr'><strong>videas,</strong></span> <span class='ocrx_word' id='word_1_230' title='bbox 452 3190 536 3264; x_wconf 90' lang='lat' dir='ltr'><strong>quod</strong></span> <span class='ocrx_word' id='word_1_231' title='bbox 550 3190 610 3250; x_wconf 90' lang='lat' dir='ltr'><strong>iarn</strong></span> <span class='ocrx_word' id='word_1_232' title='bbox 625 3205 695 3250; x_wconf 89' lang='lat' dir='ltr'><strong>curn</strong></span> <span class='ocrx_word' id='word_1_233' title='bbox 709 3190 853 3251; x_wconf 87' lang='lat' dir='ltr'><strong>flammae</strong></span> <span class='ocrx_word' id='word_1_234' title='bbox 867 3194 977 3250; x_wconf 88' lang='lat' dir='ltr'><strong>cuncta</strong></span> <span class='ocrx_word' id='word_1_235' title='bbox 991 3189 1141 3259; x_wconf 82' lang='lat' dir='ltr'><strong>tenerent,</strong></span> <span class='ocrx_word' id='word_1_236' title='bbox 1232 3195 1233 3278; x_wconf 42' lang='lat' dir='ltr'><strong>l</strong></span> 
     </span>
     <span class='ocr_line' id='line_1_37' title="bbox 280 3269 897 3350; baseline 0.006 -21"><span class='ocrx_word' id='word_1_237' title='bbox 280 3269 450 3332; x_wconf 86' lang='lat' dir='ltr'><strong>Hectoreus</strong></span> <span class='ocrx_word' id='word_1_238' title='bbox 464 3273 565 3350; x_wconf 87' lang='lat' dir='ltr'><strong>patria</strong></span> <span class='ocrx_word' id='word_1_239' title='bbox 578 3275 654 3335; x_wconf 90' lang='lat' dir='ltr'><strong>vidit</strong></span> <span class='ocrx_word' id='word_1_240' title='bbox 668 3273 707 3334; x_wconf 89' lang='lat' dir='ltr'><strong>ab</strong></span> <span class='ocrx_word' id='word_1_241' title='bbox 723 3290 794 3334; x_wconf 87' lang='lat' dir='ltr'><strong>arce</strong></span> <span class='ocrx_word' id='word_1_242' title='bbox 809 3288 897 3350; x_wconf 90' lang='lat' dir='ltr'><strong>puer.</strong></span> 
     </span>
     <span class='ocr_line' id='line_1_38' title="bbox 240 3351 1037 3434; baseline 0.003 -22"><span class='ocrx_word' id='word_1_243' title='bbox 240 3351 394 3427; x_wconf 81' lang='lat' dir='ltr'><strong>Sanguine</strong></span> <span class='ocrx_word' id='word_1_244' title='bbox 407 3356 523 3432; x_wconf 90' lang='lat' dir='ltr'><strong>probra</strong></span> <span class='ocrx_word' id='word_1_245' title='bbox 536 3357 619 3433; x_wconf 90' lang='lat' dir='ltr'><strong>luas,</strong></span> <span class='ocrx_word' id='word_1_246' title='bbox 633 3365 667 3419; x_wconf 89' lang='lat' dir='ltr'><strong>ut</strong></span> <span class='ocrx_word' id='word_1_247' title='bbox 678 3375 738 3418; x_wconf 90' lang='lat' dir='ltr'><strong>avo</strong></span> <span class='ocrx_word' id='word_1_248' title='bbox 753 3359 891 3434; x_wconf 79' lang='lat' dir='ltr'><strong>genitore</strong></span> <span class='ocrx_word' id='word_1_249' title='bbox 906 3361 1037 3428; x_wconf 86' lang='lat' dir='ltr'><strong>creatus,</strong></span> 
     </span>
     <span class='ocr_line' id='line_1_39' title="bbox 280 3433 1005 3517; baseline 0.008 -23"><span class='ocrx_word' id='word_1_250' title='bbox 280 3433 338 3496; x_wconf 88' lang='lat' dir='ltr'><strong>Per</strong></span> <span class='ocrx_word' id='word_1_251' title='bbox 351 3438 470 3502; x_wconf 88' lang='lat' dir='ltr'><strong>lacinus</strong></span> <span class='ocrx_word' id='word_1_252' title='bbox 485 3453 575 3500; x_wconf 87' lang='lat' dir='ltr'><strong>soror</strong></span> <span class='ocrx_word' id='word_1_253' title='bbox 589 3448 638 3502; x_wconf 87' lang='lat' dir='ltr'><strong>est</strong></span> <span class='ocrx_word' id='word_1_254' title='bbox 652 3443 700 3502; x_wconf 90' lang='lat' dir='ltr'><strong>cui</strong></span> <span class='ocrx_word' id='word_1_255' title='bbox 715 3451 772 3504; x_wconf 90' lang='lat' dir='ltr'><strong>sua</strong></span> <span class='ocrx_word' id='word_1_256' title='bbox 786 3443 868 3502; x_wconf 85' lang='lat' dir='ltr'><strong>lacta</strong></span> <span class='ocrx_word' id='word_1_257' title='bbox 883 3453 1005 3517; x_wconf 84' lang='lat' dir='ltr'><strong>parens.</strong></span> 
     </span>
     <span class='ocr_line' id='line_1_40' title="bbox 176 3517 1128 3604; baseline 0.004 -24"><span class='ocrx_word' id='word_1_258' title='bbox 176 3525 228 3581; x_wconf 83' lang='grc'><strong>565</strong></span> <span class='ocrx_word' id='word_1_259' title='bbox 244 3517 373 3584; x_wconf 88' lang='lat' dir='ltr'><strong>Ossibus</strong></span> <span class='ocrx_word' id='word_1_260' title='bbox 390 3522 484 3600; x_wconf 90' lang='lat' dir='ltr'><strong>inque</strong></span> <span class='ocrx_word' id='word_1_261' title='bbox 497 3523 559 3585; x_wconf 86' lang='lat' dir='ltr'><strong>tuis</strong></span> <span class='ocrx_word' id='word_1_262' title='bbox 572 3525 625 3584; x_wconf 87' lang='lat' dir='ltr'><strong>teli</strong></span> <span class='ocrx_word' id='word_1_263' title='bbox 640 3537 738 3600; x_wconf 80' lang='lat' dir='ltr'><strong>genus</strong></span> <span class='ocrx_word' id='word_1_264' title='bbox 752 3525 879 3586; x_wconf 85' lang='lat' dir='ltr'><strong>haereat</strong></span> <span class='ocrx_word' id='word_1_265' title='bbox 892 3521 977 3598; x_wconf 91' lang='lat' dir='ltr'><strong>illud,</strong></span> <span class='ocrx_word' id='word_1_266' title='bbox 1021 3531 1023 3536; x_wconf 81' lang='grc'>’</span> <span class='ocrx_word' id='word_1_267' title='bbox 1124 3587 1128 3604; x_wconf 44' lang='grc' dir='ltr'><strong><em>Ι</em></strong></span> 
     </span>
    </p>
   </div>
   <div class='ocr_carea' id='block_1_3' title="bbox 0 0 1264 4008">
    <p class='ocr_par' dir='ltr' id='par_1_3' title="bbox 0 0 1264 4008">
     <span class='ocr_line' id='line_1_41' title="bbox 0 0 1264 4008; baseline 0 2"><span class='ocrx_word' id='word_1_268' title='bbox 0 0 1264 4008; x_wconf 95' lang='lat' dir='ltr'><strong> </strong></span> 
     </span>
    </p>
   </div>
  </div>
 </body>
</html>
