<?xml version="1.0" encoding="UTF-8"?>
<!DOCTYPE html PUBLIC "-//W3C//DTD XHTML 1.0 Transitional//EN"
    "http://www.w3.org/TR/xhtml1/DTD/xhtml1-transitional.dtd">
<html xmlns="http://www.w3.org/1999/xhtml" xml:lang="en" lang="en">
 <head>
  <title>
</title>
<meta http-equiv="Content-Type" content="text/html;charset=utf-8" />
  <meta name='ocr-system' content='tesseract 3.04.00' />
  <meta name='ocr-capabilities' content='ocr_page ocr_carea ocr_par ocr_line ocrx_word'/>
</head>
<body>
  <div class='ocr_page' id='page_1' title='image "./povidiusnaso01merkgoog_0037.png"; bbox 0 0 2520 4012; ppageno 0'>
   <div class='ocr_carea' id='block_1_1' title="bbox 497 229 832 320">
    <p class='ocr_par' dir='ltr' id='par_1_1' title="bbox 497 229 832 320">
     <span class='ocr_line' id='line_1_1' title="bbox 497 229 832 320; baseline -0.003 -11"><span class='ocrx_word' id='word_1_1' title='bbox 497 229 778 309; x_wconf 72' lang='lat' dir='ltr'>‘rarsrruu&#39;</span> <span class='ocrx_word' id='word_1_2' title='bbox 828 313 832 320; x_wconf 65' lang='grc'>,</span> 
     </span>
    </p>
   </div>
   <div class='ocr_carea' id='block_1_2' title="bbox 101 396 1180 3574">
    <p class='ocr_par' dir='ltr' id='par_1_2' title="bbox 101 396 1180 3574">
     <span class='ocr_line' id='line_1_2' title="bbox 243 396 836 469; baseline -0.01 -9"><span class='ocrx_word' id='word_1_3' title='bbox 243 401 354 460; x_wconf 84' lang='lat' dir='ltr'>Puram</span> <span class='ocrx_word' id='word_1_4' title='bbox 370 398 521 459; x_wconf 87' lang='lat' dir='ltr'>discussis</span> <span class='ocrx_word' id='word_1_5' title='bbox 538 401 609 458; x_wconf 74' lang='lat' dir='ltr'>abra</span> <span class='ocrx_word' id='word_1_6' title='bbox 624 396 723 456; x_wconf 89' lang='lat' dir='ltr'>reddit</span> <span class='ocrx_word' id='word_1_7' title='bbox 737 399 836 469; x_wconf 77' lang='lat' dir='ltr'>aquis</span> 
     </span>
     <span class='ocr_line' id='line_1_3' title="bbox 207 482 1012 558; baseline -0.006 -14"><span class='ocrx_word' id='word_1_8' title='bbox 207 485 276 545; x_wconf 87' lang='lat' dir='ltr'>Iure</span> <span class='ocrx_word' id='word_1_9' title='bbox 291 485 380 558; x_wconf 82' lang='lat' dir='ltr'>igitur</span> <span class='ocrx_word' id='word_1_10' title='bbox 395 484 577 558; x_wconf 80' lang='lat' dir='ltr'>genitorque</span> <span class='ocrx_word' id='word_1_11' title='bbox 592 482 684 542; x_wconf 88' lang='lat' dir='ltr'>deum</span> <span class='ocrx_word' id='word_1_12' title='bbox 698 487 861 554; x_wconf 79' lang='lat' dir='ltr'>rectorque</span> <span class='ocrx_word' id='word_1_13' title='bbox 877 487 1012 549; x_wconf 78' lang='lat' dir='ltr'>vocatur.</span> 
     </span>
     <span class='ocr_line' id='line_1_4' title="bbox 241 561 984 642; baseline -0.004 -16"><span class='ocrx_word' id='word_1_14' title='bbox 241 569 310 628; x_wconf 80' lang='lat' dir='ltr'>Iure</span> <span class='ocrx_word' id='word_1_15' title='bbox 325 583 425 642; x_wconf 84' lang='lat' dir='ltr'>capax</span> <span class='ocrx_word' id='word_1_16' title='bbox 440 567 571 626; x_wconf 90' lang='lat' dir='ltr'>mundus</span> <span class='ocrx_word' id='word_1_17' title='bbox 588 565 629 623; x_wconf 89' lang='lat' dir='ltr'>nil</span> <span class='ocrx_word' id='word_1_18' title='bbox 642 561 716 623; x_wconf 90' lang='lat' dir='ltr'>Iove</span> <span class='ocrx_word' id='word_1_19' title='bbox 730 566 828 625; x_wconf 90' lang='lat' dir='ltr'>maius</span> <span class='ocrx_word' id='word_1_20' title='bbox 844 565 944 623; x_wconf 67' lang='lat' dir='ltr'>halect.</span> <span class='ocrx_word' id='word_1_21' title='bbox 982 601 984 608; x_wconf 62' lang='lat'>›</span> 
     </span>
     <span class='ocr_line' id='line_1_5' title="bbox 159 648 1026 727; baseline -0.007 -14"><span class='ocrx_word' id='word_1_22' title='bbox 159 712 162 713; x_wconf 10' lang='grc' dir='ltr'><em>γ</em></span> <span class='ocrx_word' id='word_1_23' title='bbox 206 654 250 712; x_wconf 89' lang='lat' dir='ltr'>Tu</span> <span class='ocrx_word' id='word_1_24' title='bbox 266 667 400 727; x_wconf 87' lang='lat' dir='ltr'>quoque,</span> <span class='ocrx_word' id='word_1_25' title='bbox 418 667 486 710; x_wconf 89' lang='lat' dir='ltr'>oum</span> <span class='ocrx_word' id='word_1_26' title='bbox 501 649 618 724; x_wconf 77' lang='lat' dir='ltr'>patriae</span> <span class='ocrx_word' id='word_1_27' title='bbox 632 653 733 706; x_wconf 88' lang='lat' dir='ltr'>rector</span> <span class='ocrx_word' id='word_1_28' title='bbox 748 648 851 707; x_wconf 88' lang='lat' dir='ltr'>dicare</span> <span class='ocrx_word' id='word_1_29' title='bbox 867 654 1026 722; x_wconf 86' lang='lat' dir='ltr'>paterque,</span> 
     </span>
     <span class='ocr_line' id='line_1_6' title="bbox 159 730 891 798; baseline -0.011 0"><span class='ocrx_word' id='word_1_30' title='bbox 159 743 194 798; x_wconf 74' lang='lat'>40</span> <span class='ocrx_word' id='word_1_31' title='bbox 247 737 339 796; x_wconf 89' lang='lat' dir='ltr'>Utere</span> <span class='ocrx_word' id='word_1_32' title='bbox 353 749 439 796; x_wconf 87' lang='lat' dir='ltr'>more</span> <span class='ocrx_word' id='word_1_33' title='bbox 454 733 503 793; x_wconf 89' lang='lat' dir='ltr'>dei</span> <span class='ocrx_word' id='word_1_34' title='bbox 519 747 629 792; x_wconf 90' lang='lat' dir='ltr'>nomen</span> <span class='ocrx_word' id='word_1_35' title='bbox 645 730 785 791; x_wconf 86' lang='lat' dir='ltr'>habentis</span> <span class='ocrx_word' id='word_1_36' title='bbox 801 732 891 791; x_wconf 89' lang='lat' dir='ltr'>idem.</span> 
     </span>
     <span class='ocr_line' id='line_1_7' title="bbox 204 815 1119 895; baseline -0.003 -16"><span class='ocrx_word' id='word_1_37' title='bbox 204 819 302 895; x_wconf 91' lang='lat' dir='ltr'>quue</span> <span class='ocrx_word' id='word_1_38' title='bbox 316 819 401 892; x_wconf 86' lang='lat' dir='ltr'>lacis,</span> <span class='ocrx_word' id='word_1_39' title='bbox 418 832 474 875; x_wconf 87' lang='lat' dir='ltr'>nec</span> <span class='ocrx_word' id='word_1_40' title='bbox 489 823 518 875; x_wconf 92' lang='lat' dir='ltr'>te</span> <span class='ocrx_word' id='word_1_41' title='bbox 535 815 699 890; x_wconf 88' lang='lat' dir='ltr'>quisquam</span> <span class='ocrx_word' id='word_1_42' title='bbox 714 815 899 875; x_wconf 79' lang='lat' dir='ltr'>moderatius</span> <span class='ocrx_word' id='word_1_43' title='bbox 915 830 1060 892; x_wconf 85' lang='lat' dir='ltr'>umquam</span> <span class='ocrx_word' id='word_1_44' title='bbox 1116 869 1119 876; x_wconf 19' lang='lat' dir='ltr'>a</span> 
     </span>
     <span class='ocr_line' id='line_1_8' title="bbox 249 899 1085 976; baseline -0.01 -15"><span class='ocrx_word' id='word_1_45' title='bbox 249 902 370 976; x_wconf 90' lang='lat' dir='ltr'>Imperii</span> <span class='ocrx_word' id='word_1_46' title='bbox 386 899 484 975; x_wconf 90' lang='lat' dir='ltr'>potnit</span> <span class='ocrx_word' id='word_1_47' title='bbox 497 899 583 957; x_wconf 85' lang='lat' dir='ltr'>irena</span> <span class='ocrx_word' id='word_1_48' title='bbox 597 905 702 958; x_wconf 87' lang='lat' dir='ltr'>tenere</span> <span class='ocrx_word' id='word_1_49' title='bbox 717 899 774 958; x_wconf 86' lang='lat' dir='ltr'>sui.</span> <span class='ocrx_word' id='word_1_50' title='bbox 1080 927 1085 932; x_wconf 96' lang='lat'><em>-</em></span> 
     </span>
     <span class='ocr_line' id='line_1_9' title="bbox 206 981 907 1058; baseline -0.009 -12"><span class='ocrx_word' id='word_1_51' title='bbox 206 988 251 1046; x_wconf 86' lang='lat' dir='ltr'>Tu</span> <span class='ocrx_word' id='word_1_52' title='bbox 265 987 385 1044; x_wconf 87' lang='lat' dir='ltr'>veniam</span> <span class='ocrx_word' id='word_1_53' title='bbox 401 983 479 1058; x_wconf 90' lang='lat' dir='ltr'>parti</span> <span class='ocrx_word' id='word_1_54' title='bbox 495 988 658 1057; x_wconf 79' lang='lat' dir='ltr'>superatae</span> <span class='ocrx_word' id='word_1_55' title='bbox 675 996 771 1056; x_wconf 82' lang='lat' dir='ltr'>saepe</span> <span class='ocrx_word' id='word_1_56' title='bbox 786 981 907 1054; x_wconf 85' lang='lat' dir='ltr'>dedisti,</span> 
     </span>
     <span class='ocr_line' id='line_1_10' title="bbox 135 1066 913 1141; baseline -0.005 -13"><span class='ocrx_word' id='word_1_57' title='bbox 135 1097 136 1100; x_wconf 36' lang='lat'>¹</span> <span class='ocrx_word' id='word_1_58' title='bbox 247 1069 313 1128; x_wconf 87' lang='lat' dir='ltr'>Non</span> <span class='ocrx_word' id='word_1_59' title='bbox 330 1083 537 1127; x_wconf 81' lang='lat' dir='ltr'>concessurus</span> <span class='ocrx_word' id='word_1_60' title='bbox 555 1083 646 1141; x_wconf 92' lang='lat' dir='ltr'>quam</span> <span class='ocrx_word' id='word_1_61' title='bbox 660 1067 713 1124; x_wconf 91' lang='lat' dir='ltr'>tibi</span> <span class='ocrx_word' id='word_1_62' title='bbox 727 1066 825 1126; x_wconf 87' lang='lat' dir='ltr'>victor</span> <span class='ocrx_word' id='word_1_63' title='bbox 840 1072 913 1125; x_wconf 85' lang='lat' dir='ltr'>erat.</span> 
     </span>
     <span class='ocr_line' id='line_1_11' title="bbox 157 1149 904 1228; baseline -0.011 -10"><span class='ocrx_word' id='word_1_64' title='bbox 157 1165 192 1228; x_wconf 66' lang='lat'>45</span> <span class='ocrx_word' id='word_1_65' title='bbox 206 1152 323 1212; x_wconf 89' lang='lat' dir='ltr'>Divitiis</span> <span class='ocrx_word' id='word_1_66' title='bbox 338 1153 429 1212; x_wconf 89' lang='lat' dir='ltr'>etiam</span> <span class='ocrx_word' id='word_1_67' title='bbox 441 1151 552 1214; x_wconf 86' lang='lat' dir='ltr'>multos</span> <span class='ocrx_word' id='word_1_68' title='bbox 568 1157 598 1210; x_wconf 87' lang='lat' dir='ltr'>et</span> <span class='ocrx_word' id='word_1_69' title='bbox 611 1149 780 1210; x_wconf 86' lang='lat' dir='ltr'>honoribus</span> <span class='ocrx_word' id='word_1_70' title='bbox 796 1156 904 1210; x_wconf 87' lang='lat' dir='ltr'>auctos</span> 
     </span>
     <span class='ocr_line' id='line_1_12' title="bbox 101 1234 951 1309; baseline 0 -14"><span class='ocrx_word' id='word_1_71' title='bbox 101 1295 107 1299; x_wconf 78' lang='grc'><strong>,</strong></span> <span class='ocrx_word' id='word_1_72' title='bbox 244 1236 325 1309; x_wconf 82' lang='lat' dir='ltr'>Vidi,</span> <span class='ocrx_word' id='word_1_73' title='bbox 341 1237 392 1309; x_wconf 92' lang='lat' dir='ltr'>qui</span> <span class='ocrx_word' id='word_1_74' title='bbox 406 1237 537 1296; x_wconf 87' lang='lat' dir='ltr'>tulerant</span> <span class='ocrx_word' id='word_1_75' title='bbox 550 1234 689 1308; x_wconf 87' lang='lat' dir='ltr'>incaput</span> <span class='ocrx_word' id='word_1_76' title='bbox 703 1250 788 1294; x_wconf 90' lang='lat' dir='ltr'>arma</span> <span class='ocrx_word' id='word_1_77' title='bbox 802 1241 917 1306; x_wconf 43' lang='lat' dir='ltr'>tuum*-</span> <span class='ocrx_word' id='word_1_78' title='bbox 942 1291 951 1301; x_wconf 81' lang='grc'>,</span> 
     </span>
     <span class='ocr_line' id='line_1_13' title="bbox 208 1318 1065 1394; baseline -0.006 -13"><span class='ocrx_word' id='word_1_79' title='bbox 208 1320 353 1394; x_wconf 83' lang='lat' dir='ltr'>Quaeque</span> <span class='ocrx_word' id='word_1_80' title='bbox 367 1319 433 1379; x_wconf 90' lang='lat' dir='ltr'>dies</span> <span class='ocrx_word' id='word_1_81' title='bbox 449 1318 570 1392; x_wconf 82' lang='lat' dir='ltr'>bellum,</span> <span class='ocrx_word' id='word_1_82' title='bbox 586 1318 657 1376; x_wconf 92' lang='lat' dir='ltr'>belli</span> <span class='ocrx_word' id='word_1_83' title='bbox 671 1319 724 1376; x_wconf 91' lang='lat' dir='ltr'>tibi</span> <span class='ocrx_word' id='word_1_84' title='bbox 740 1319 863 1377; x_wconf 90' lang='lat' dir='ltr'>sustulit</span> <span class='ocrx_word' id='word_1_85' title='bbox 877 1319 961 1392; x_wconf 87' lang='lat' dir='ltr'>iram,</span> <span class='ocrx_word' id='word_1_86' title='bbox 1063 1345 1065 1350; x_wconf 83' lang='lat'><em>.</em></span> 
     </span>
     <span class='ocr_line' id='line_1_14' title="bbox 247 1401 953 1477; baseline -0.004 -14"><span class='ocrx_word' id='word_1_87' title='bbox 247 1402 384 1477; x_wconf 85' lang='lat' dir='ltr'>Parsque</span> <span class='ocrx_word' id='word_1_88' title='bbox 400 1403 488 1462; x_wconf 89' lang='lat' dir='ltr'>simul</span> <span class='ocrx_word' id='word_1_89' title='bbox 503 1401 623 1476; x_wconf 90' lang='lat' dir='ltr'>templis</span> <span class='ocrx_word' id='word_1_90' title='bbox 638 1409 767 1476; x_wconf 87' lang='lat' dir='ltr'>utraque</span> <span class='ocrx_word' id='word_1_91' title='bbox 783 1403 865 1461; x_wconf 85' lang='lat' dir='ltr'>dona</span> <span class='ocrx_word' id='word_1_92' title='bbox 878 1402 953 1462; x_wconf 88' lang='lat' dir='ltr'>tulit.</span> 
     </span>
     <span class='ocr_line' id='line_1_15' title="bbox 206 1485 997 1561; baseline -0.004 -13"><span class='ocrx_word' id='word_1_93' title='bbox 206 1486 307 1561; x_wconf 89' lang='lat' dir='ltr'>thue</span> <span class='ocrx_word' id='word_1_94' title='bbox 321 1493 392 1546; x_wconf 88' lang='lat' dir='ltr'>tuus</span> <span class='ocrx_word' id='word_1_95' title='bbox 407 1487 520 1560; x_wconf 78' lang='lat' dir='ltr'>gaudet</span> <span class='ocrx_word' id='word_1_96' title='bbox 534 1486 631 1559; x_wconf 85' lang='lat' dir='ltr'>miles,</span> <span class='ocrx_word' id='word_1_97' title='bbox 651 1485 735 1559; x_wconf 93' lang='lat' dir='ltr'>quod</span> <span class='ocrx_word' id='word_1_98' title='bbox 748 1485 855 1544; x_wconf 84' lang='lat' dir='ltr'>vicerit</span> <span class='ocrx_word' id='word_1_99' title='bbox 868 1485 997 1560; x_wconf 81' lang='lat' dir='ltr'>hostem,</span> 
     </span>
     <span class='ocr_line' id='line_1_16' title="bbox 159 1569 993 1642; baseline 0.001 -12"><span class='ocrx_word' id='word_1_100' title='bbox 159 1585 193 1636; x_wconf 80' lang='lat' dir='ltr'>so</span> <span class='ocrx_word' id='word_1_101' title='bbox 247 1570 298 1630; x_wconf 90' lang='lat' dir='ltr'>Sio</span> <span class='ocrx_word' id='word_1_102' title='bbox 312 1570 425 1630; x_wconf 88' lang='lat' dir='ltr'>vietum</span> <span class='ocrx_word' id='word_1_103' title='bbox 440 1585 493 1628; x_wconf 92' lang='lat' dir='ltr'>cur</span> <span class='ocrx_word' id='word_1_104' title='bbox 508 1585 543 1629; x_wconf 89' lang='lat' dir='ltr'>se</span> <span class='ocrx_word' id='word_1_105' title='bbox 557 1569 698 1642; x_wconf 81' lang='lat' dir='ltr'>gaudeat</span> <span class='ocrx_word' id='word_1_106' title='bbox 713 1569 812 1629; x_wconf 90' lang='lat' dir='ltr'>hostis</span> <span class='ocrx_word' id='word_1_107' title='bbox 827 1569 928 1631; x_wconf 87' lang='lat' dir='ltr'>habet.</span> <span class='ocrx_word' id='word_1_108' title='bbox 990 1597 993 1600; x_wconf 95' lang='lat'>·</span> 
     </span>
     <span class='ocr_line' id='line_1_17' title="bbox 202 1653 989 1734; baseline -0.003 -20"><span class='ocrx_word' id='word_1_109' title='bbox 202 1654 308 1714; x_wconf 87' lang='lat' dir='ltr'>-Causa</span> <span class='ocrx_word' id='word_1_110' title='bbox 322 1668 390 1712; x_wconf 88' lang='lat' dir='ltr'>mea</span> <span class='ocrx_word' id='word_1_111' title='bbox 404 1661 452 1714; x_wconf 85' lang='lat' dir='ltr'>est</span> <span class='ocrx_word' id='word_1_112' title='bbox 466 1654 581 1726; x_wconf 86' lang='lat' dir='ltr'>melior,</span> <span class='ocrx_word' id='word_1_113' title='bbox 598 1653 655 1734; x_wconf 91' lang='lat' dir='ltr'>qui</span> <span class='ocrx_word' id='word_1_114' title='bbox 665 1667 722 1712; x_wconf 88' lang='lat' dir='ltr'>nec</span> <span class='ocrx_word' id='word_1_115' title='bbox 737 1654 889 1714; x_wconf 87' lang='lat' dir='ltr'>contraria</span> <span class='ocrx_word' id='word_1_116' title='bbox 902 1654 989 1714; x_wconf 87' lang='lat' dir='ltr'>dicor</span> 
     </span>
     <span class='ocr_line' id='line_1_18' title="bbox 250 1736 900 1812; baseline -0.002 -16"><span class='ocrx_word' id='word_1_117' title='bbox 250 1737 352 1810; x_wconf 85' lang='lat' dir='ltr'>Arma,</span> <span class='ocrx_word' id='word_1_118' title='bbox 368 1753 425 1796; x_wconf 91' lang='lat' dir='ltr'>nec</span> <span class='ocrx_word' id='word_1_119' title='bbox 440 1736 567 1796; x_wconf 87' lang='lat' dir='ltr'>hostiles</span> <span class='ocrx_word' id='word_1_120' title='bbox 583 1751 655 1796; x_wconf 89' lang='lat' dir='ltr'>esse</span> <span class='ocrx_word' id='word_1_121' title='bbox 671 1743 798 1797; x_wconf 84' lang='lat' dir='ltr'>secutus</span> <span class='ocrx_word' id='word_1_122' title='bbox 812 1753 900 1812; x_wconf 87' lang='lat' dir='ltr'>opes.</span> 
     </span>
     <span class='ocr_line' id='line_1_19' title="bbox 140 1821 966 1895; baseline 0.002 -15"><span class='ocrx_word' id='word_1_123' title='bbox 140 1856 142 1859; x_wconf 91' lang='lat'><em>-</em></span> <span class='ocrx_word' id='word_1_124' title='bbox 208 1821 266 1880; x_wconf 90' lang='lat' dir='ltr'>Per</span> <span class='ocrx_word' id='word_1_125' title='bbox 280 1836 371 1894; x_wconf 90' lang='lat' dir='ltr'>mare,</span> <span class='ocrx_word' id='word_1_126' title='bbox 388 1836 443 1894; x_wconf 90' lang='lat' dir='ltr'>per</span> <span class='ocrx_word' id='word_1_127' title='bbox 456 1827 563 1894; x_wconf 83' lang='lat' dir='ltr'>terras,</span> <span class='ocrx_word' id='word_1_128' title='bbox 580 1835 635 1895; x_wconf 88' lang='lat' dir='ltr'>per</span> <span class='ocrx_word' id='word_1_129' title='bbox 649 1821 738 1879; x_wconf 88' lang='lat' dir='ltr'>tertia</span> <span class='ocrx_word' id='word_1_130' title='bbox 752 1821 876 1880; x_wconf 90' lang='lat' dir='ltr'>numina</span> <span class='ocrx_word' id='word_1_131' title='bbox 890 1821 966 1894; x_wconf 85' lang='lat' dir='ltr'>iuro,</span> 
     </span>
     <span class='ocr_line' id='line_1_20' title="bbox 249 1904 1048 1980; baseline 0.001 -18"><span class='ocrx_word' id='word_1_132' title='bbox 249 1905 307 1962; x_wconf 92' lang='lat' dir='ltr'>Per</span> <span class='ocrx_word' id='word_1_133' title='bbox 321 1912 350 1974; x_wconf 91' lang='lat' dir='ltr'>te</span> <span class='ocrx_word' id='word_1_134' title='bbox 365 1911 559 1978; x_wconf 83' lang='lat' dir='ltr'>praesentem</span> <span class='ocrx_word' id='word_1_135' title='bbox 574 1905 838 1980; x_wconf 87' lang='lat' dir='ltr'>conspicuumque</span> <span class='ocrx_word' id='word_1_136' title='bbox 854 1904 959 1965; x_wconf 87' lang='lat' dir='ltr'>deum:</span> <span class='ocrx_word' id='word_1_137' title='bbox 1007 1961 1009 1963; x_wconf 76' lang='grc'><strong>,</strong></span> <span class='ocrx_word' id='word_1_138' title='bbox 1044 1937 1048 1953; x_wconf 71' lang='grc' dir='ltr'>ι</span> 
     </span>
     <span class='ocr_line' id='line_1_21' title="bbox 158 1987 1027 2064; baseline 0 -16"><span class='ocrx_word' id='word_1_139' title='bbox 158 1996 193 2048; x_wconf 78' lang='lat'>55</span> <span class='ocrx_word' id='word_1_140' title='bbox 208 1988 299 2060; x_wconf 81' lang='lat' dir='ltr'>Hunc</span> <span class='ocrx_word' id='word_1_141' title='bbox 310 1987 442 2064; x_wconf 87' lang='lat' dir='ltr'>animum</span> <span class='ocrx_word' id='word_1_142' title='bbox 458 1988 573 2048; x_wconf 87' lang='lat' dir='ltr'>lavisse</span> <span class='ocrx_word' id='word_1_143' title='bbox 589 1987 650 2060; x_wconf 91' lang='lat' dir='ltr'>tibi,</span> <span class='ocrx_word' id='word_1_144' title='bbox 666 1989 712 2046; x_wconf 88' lang='lat' dir='ltr'>vir</span> <span class='ocrx_word' id='word_1_145' title='bbox 727 1989 867 2062; x_wconf 73' lang='lat' dir='ltr'>maxima</span> <span class='ocrx_word' id='word_1_146' title='bbox 883 2002 1002 2063; x_wconf 88' lang='lat' dir='ltr'>meque,</span> <span class='ocrx_word' id='word_1_147' title='bbox 1026 2035 1027 2038; x_wconf 63' lang='lat'>,</span> 
     </span>
     <span class='ocr_line' id='line_1_22' title="bbox 120 2071 841 2145; baseline -0.004 -12"><span class='ocrx_word' id='word_1_148' title='bbox 120 2075 122 2077; x_wconf 79' lang='grc'><strong>’</strong></span> <span class='ocrx_word' id='word_1_149' title='bbox 251 2071 316 2144; x_wconf 85' lang='lat' dir='ltr'>Qua</span> <span class='ocrx_word' id='word_1_150' title='bbox 329 2074 396 2132; x_wconf 90' lang='lat' dir='ltr'>sola</span> <span class='ocrx_word' id='word_1_151' title='bbox 411 2073 505 2145; x_wconf 87' lang='lat' dir='ltr'>potui,</span> <span class='ocrx_word' id='word_1_152' title='bbox 521 2079 621 2131; x_wconf 87' lang='lat' dir='ltr'>mente</span> <span class='ocrx_word' id='word_1_153' title='bbox 636 2072 733 2131; x_wconf 86' lang='lat' dir='ltr'>fuisse</span> <span class='ocrx_word' id='word_1_154' title='bbox 748 2078 841 2134; x_wconf 90' lang='lat' dir='ltr'>tuum.</span> 
     </span>
     <span class='ocr_line' id='line_1_23' title="bbox 127 2153 852 2230; baseline 0.003 -16"><span class='ocrx_word' id='word_1_155' title='bbox 127 2195 129 2198; x_wconf 90' lang='lat'><em>-</em></span> <span class='ocrx_word' id='word_1_156' title='bbox 211 2153 335 2229; x_wconf 42' lang='lat' dir='ltr'>Optavit</span> <span class='ocrx_word' id='word_1_157' title='bbox 344 2162 466 2230; x_wconf 88' lang='lat' dir='ltr'>peteres</span> <span class='ocrx_word' id='word_1_158' title='bbox 482 2156 626 2216; x_wconf 86' lang='lat' dir='ltr'>caelestia</span> <span class='ocrx_word' id='word_1_159' title='bbox 641 2155 743 2215; x_wconf 88' lang='lat' dir='ltr'>sidera</span> <span class='ocrx_word' id='word_1_160' title='bbox 757 2157 852 2230; x_wconf 86' lang='lat' dir='ltr'>tarde,</span> 
     </span>
     <span class='ocr_line' id='line_1_24' title="bbox 222 2237 955 2315; baseline 0 -15"><span class='ocrx_word' id='word_1_161' title='bbox 222 2295 224 2300; x_wconf 83' lang='lat'><em>.</em></span> <span class='ocrx_word' id='word_1_162' title='bbox 251 2237 389 2314; x_wconf 87' lang='lat' dir='ltr'>Parsque</span> <span class='ocrx_word' id='word_1_163' title='bbox 404 2239 445 2298; x_wconf 90' lang='lat' dir='ltr'>lui</span> <span class='ocrx_word' id='word_1_164' title='bbox 460 2239 566 2298; x_wconf 87' lang='lat' dir='ltr'>turbae</span> <span class='ocrx_word' id='word_1_165' title='bbox 580 2255 676 2315; x_wconf 87' lang='lat' dir='ltr'>parva</span> <span class='ocrx_word' id='word_1_166' title='bbox 689 2241 843 2314; x_wconf 88' lang='lat' dir='ltr'>precantis</span> <span class='ocrx_word' id='word_1_167' title='bbox 858 2241 955 2314; x_wconf 77' lang='lat' dir='ltr'>idem‘</span> 
     </span>
     <span class='ocr_line' id='line_1_25' title="bbox 197 2320 1058 2398; baseline 0.012 -21"><span class='ocrx_word' id='word_1_168' title='bbox 197 2320 247 2382; x_wconf 72' lang='lat' dir='ltr'>vEt</span> <span class='ocrx_word' id='word_1_169' title='bbox 261 2323 312 2396; x_wconf 89' lang='lat' dir='ltr'>pia</span> <span class='ocrx_word' id='word_1_170' title='bbox 326 2331 394 2382; x_wconf 88' lang='lat' dir='ltr'>tura</span> <span class='ocrx_word' id='word_1_171' title='bbox 409 2323 479 2382; x_wconf 90' lang='lat' dir='ltr'>dedi</span> <span class='ocrx_word' id='word_1_172' title='bbox 495 2340 551 2396; x_wconf 85' lang='lat' dir='ltr'>pro</span> <span class='ocrx_word' id='word_1_173' title='bbox 567 2329 606 2398; x_wconf 83' lang='lat' dir='ltr'>te,</span> <span class='ocrx_word' id='word_1_174' title='bbox 623 2339 754 2398; x_wconf 90' lang='lat' dir='ltr'>eumque</span> <span class='ocrx_word' id='word_1_175' title='bbox 769 2325 911 2386; x_wconf 86' lang='lat' dir='ltr'>omnibus</span> <span class='ocrx_word' id='word_1_176' title='bbox 926 2342 1007 2386; x_wconf 87' lang='lat' dir='ltr'>unus</span> <span class='ocrx_word' id='word_1_177' title='bbox 1055 2355 1058 2360; x_wconf 52' lang='lat'><em>1</em></span> 
     </span>
     <span class='ocr_line' id='line_1_26' title="bbox 156 2406 912 2481; baseline 0.001 -16"><span class='ocrx_word' id='word_1_178' title='bbox 156 2409 192 2465; x_wconf 83' lang='lat'>60</span> <span class='ocrx_word' id='word_1_179' title='bbox 243 2407 314 2480; x_wconf 89' lang='lat' dir='ltr'>Ipse</span> <span class='ocrx_word' id='word_1_180' title='bbox 333 2420 457 2481; x_wconf 89' lang='lat' dir='ltr'>quoque</span> <span class='ocrx_word' id='word_1_181' title='bbox 474 2406 577 2465; x_wconf 90' lang='lat' dir='ltr'>adiuvi</span> <span class='ocrx_word' id='word_1_182' title='bbox 598 2408 722 2481; x_wconf 87' lang='lat' dir='ltr'>publiea</span> <span class='ocrx_word' id='word_1_183' title='bbox 737 2417 810 2469; x_wconf 89' lang='lat' dir='ltr'>vota</span> <span class='ocrx_word' id='word_1_184' title='bbox 825 2411 912 2469; x_wconf 79' lang='lat' dir='ltr'>tricis.</span> 
     </span>
     <span class='ocr_line' id='line_1_27' title="bbox 210 2488 1056 2567; baseline 0.007 -20"><span class='ocrx_word' id='word_1_185' title='bbox 210 2488 288 2563; x_wconf 80' lang='lat' dir='ltr'>Quid</span> <span class='ocrx_word' id='word_1_186' title='bbox 299 2490 429 2548; x_wconf 86' lang='lat' dir='ltr'>referam</span> <span class='ocrx_word' id='word_1_187' title='bbox 443 2489 547 2562; x_wconf 90' lang='lat' dir='ltr'>libros,</span> <span class='ocrx_word' id='word_1_188' title='bbox 562 2490 632 2550; x_wconf 89' lang='lat' dir='ltr'>illos</span> <span class='ocrx_word' id='word_1_189' title='bbox 650 2507 783 2566; x_wconf 90' lang='lat' dir='ltr'>quoque,</span> <span class='ocrx_word' id='word_1_190' title='bbox 802 2492 929 2553; x_wconf 90' lang='lat' dir='ltr'>crimina</span> <span class='ocrx_word' id='word_1_191' title='bbox 942 2499 1056 2567; x_wconf 86' lang='lat' dir='ltr'>nostra,</span> 
     </span>
     <span class='ocr_line' id='line_1_28' title="bbox 157 2571 857 2657; baseline 0.006 -25"><span class='ocrx_word' id='word_1_192' title='bbox 157 2584 160 2588; x_wconf 80' lang='grc'><strong><em>’</em></strong></span> <span class='ocrx_word' id='word_1_193' title='bbox 237 2571 332 2657; x_wconf 13' lang='lat' dir='ltr'>&#39;Mille</span> <span class='ocrx_word' id='word_1_194' title='bbox 348 2573 547 2646; x_wconf 86' lang='lat' dir='ltr'>locispleuos</span> <span class='ocrx_word' id='word_1_195' title='bbox 562 2573 694 2634; x_wconf 89' lang='lat' dir='ltr'>nominis</span> <span class='ocrx_word' id='word_1_196' title='bbox 707 2589 779 2636; x_wconf 88' lang='lat' dir='ltr'>esse</span> <span class='ocrx_word' id='word_1_197' title='bbox 793 2577 857 2636; x_wconf 80' lang='lat' dir='ltr'>tuit</span> 
     </span>
     <span class='ocr_line' id='line_1_29' title="bbox 208 2655 1037 2736; baseline 0.002 -20"><span class='ocrx_word' id='word_1_198' title='bbox 208 2655 329 2730; x_wconf 86' lang='lat' dir='ltr'>Inspice</span> <span class='ocrx_word' id='word_1_199' title='bbox 344 2657 441 2716; x_wconf 87' lang='lat' dir='ltr'>maius</span> <span class='ocrx_word' id='word_1_200' title='bbox 453 2673 542 2732; x_wconf 76' lang='lat' dir='ltr'>opuS,</span> <span class='ocrx_word' id='word_1_201' title='bbox 560 2659 644 2734; x_wconf 91' lang='lat' dir='ltr'>quod</span> <span class='ocrx_word' id='word_1_202' title='bbox 655 2659 755 2720; x_wconf 88' lang='lat' dir='ltr'>adhuc</span> <span class='ocrx_word' id='word_1_203' title='bbox 769 2661 835 2721; x_wconf 91' lang='lat' dir='ltr'>sine</span> <span class='ocrx_word' id='word_1_204' title='bbox 847 2661 909 2724; x_wconf 85' lang='lat' dir='ltr'>fine</span> <span class='ocrx_word' id='word_1_205' title='bbox 919 2659 1037 2736; x_wconf 88' lang='lat' dir='ltr'>reliqui,</span> 
     </span>
     <span class='ocr_line' id='line_1_30' title="bbox 249 2741 935 2818; baseline 0.003 -20"><span class='ocrx_word' id='word_1_206' title='bbox 249 2741 358 2800; x_wconf 86' lang='lat' dir='ltr'>innon</span> <span class='ocrx_word' id='word_1_207' title='bbox 375 2741 548 2802; x_wconf 84' lang='lat' dir='ltr'>credendos</span> <span class='ocrx_word' id='word_1_208' title='bbox 560 2757 692 2818; x_wconf 89' lang='lat' dir='ltr'>corpora</span> <span class='ocrx_word' id='word_1_209' title='bbox 704 2758 796 2804; x_wconf 88' lang='lat' dir='ltr'>versa</span> <span class='ocrx_word' id='word_1_210' title='bbox 808 2746 935 2806; x_wconf 63' lang='lat' dir='ltr'>modost</span> 
     </span>
     <span class='ocr_line' id='line_1_31' title="bbox 159 2823 866 2904; baseline 0.004 -18"><span class='ocrx_word' id='word_1_211' title='bbox 159 2831 193 2886; x_wconf 80' lang='lat'>65</span> <span class='ocrx_word' id='word_1_212' title='bbox 207 2823 349 2886; x_wconf 90' lang='lat' dir='ltr'>Invenies</span> <span class='ocrx_word' id='word_1_213' title='bbox 362 2826 458 2885; x_wconf 89' lang='lat' dir='ltr'>vestri</span> <span class='ocrx_word' id='word_1_214' title='bbox 467 2827 635 2899; x_wconf 86' lang='lat' dir='ltr'>praeconia</span> <span class='ocrx_word' id='word_1_215' title='bbox 649 2827 782 2888; x_wconf 89' lang='lat' dir='ltr'>nominis</span> <span class='ocrx_word' id='word_1_216' title='bbox 796 2829 866 2904; x_wconf 87' lang='lat' dir='ltr'>illic,</span> 
     </span>
     <span class='ocr_line' id='line_1_32' title="bbox 165 2908 824 2984; baseline 0.009 -20"><span class='ocrx_word' id='word_1_217' title='bbox 165 2919 168 2927; x_wconf 54' lang='lat'><em>¹</em></span> <span class='ocrx_word' id='word_1_218' title='bbox 249 2908 389 2967; x_wconf 87' lang='lat' dir='ltr'>Invenies</span> <span class='ocrx_word' id='word_1_219' title='bbox 405 2909 495 2966; x_wconf 89' lang='lat' dir='ltr'>animi</span> <span class='ocrx_word' id='word_1_220' title='bbox 506 2909 635 2984; x_wconf 82' lang='lat' dir='ltr'>pignora</span> <span class='ocrx_word' id='word_1_221' title='bbox 646 2911 740 2972; x_wconf 88' lang='lat' dir='ltr'>muita</span> <span class='ocrx_word' id='word_1_222' title='bbox 754 2911 824 2973; x_wconf 90' lang='lat' dir='ltr'>mei.</span> 
     </span>
     <span class='ocr_line' id='line_1_33' title="bbox 208 2991 1093 3070; baseline 0.008 -20"><span class='ocrx_word' id='word_1_223' title='bbox 208 2991 275 3052; x_wconf 90' lang='lat' dir='ltr'>Non</span> <span class='ocrx_word' id='word_1_224' title='bbox 289 2997 341 3052; x_wconf 90' lang='lat' dir='ltr'>tua</span> <span class='ocrx_word' id='word_1_225' title='bbox 358 2991 541 3054; x_wconf 86' lang='lat' dir='ltr'>carminibus</span> <span class='ocrx_word' id='word_1_226' title='bbox 556 2994 653 3054; x_wconf 89' lang='lat' dir='ltr'>maior</span> <span class='ocrx_word' id='word_1_227' title='bbox 666 2995 699 3054; x_wconf 86' lang='lat' dir='ltr'>fit</span> <span class='ocrx_word' id='word_1_228' title='bbox 714 2995 821 3068; x_wconf 71' lang='lat' dir='ltr'>gloria,</span> <span class='ocrx_word' id='word_1_229' title='bbox 843 3011 901 3056; x_wconf 88' lang='lat' dir='ltr'>nec</span> <span class='ocrx_word' id='word_1_230' title='bbox 917 3005 988 3070; x_wconf 91' lang='lat' dir='ltr'>quo,</span> <span class='ocrx_word' id='word_1_231' title='bbox 1088 3035 1093 3047; x_wconf 32' lang='grc' dir='ltr'><em>ν</em></span> 
     </span>
     <span class='ocr_line' id='line_1_34' title="bbox 250 3075 1036 3151; baseline 0.003 -17"><span class='ocrx_word' id='word_1_232' title='bbox 250 3075 291 3135; x_wconf 88' lang='lat' dir='ltr'>Ut</span> <span class='ocrx_word' id='word_1_233' title='bbox 306 3075 752 3151; x_wconf 76' lang='lat' dir='ltr'>maiorfiotcreseerepossit,</span> <span class='ocrx_word' id='word_1_234' title='bbox 770 3078 872 3138; x_wconf 82' lang='lat' dir='ltr'>habet.</span> <span class='ocrx_word' id='word_1_235' title='bbox 1033 3133 1036 3136; x_wconf 86' lang='grc'><strong><em>,</em></strong></span> 
     </span>
     <span class='ocr_line' id='line_1_35' title="bbox 208 3158 1178 3233; baseline 0.005 -15"><span class='ocrx_word' id='word_1_236' title='bbox 208 3158 302 3218; x_wconf 85' lang='lat' dir='ltr'>Fama</span> <span class='ocrx_word' id='word_1_237' title='bbox 317 3159 381 3220; x_wconf 86' lang='lat' dir='ltr'>lovi</span> <span class='ocrx_word' id='word_1_238' title='bbox 394 3166 545 3233; x_wconf 86' lang='lat' dir='ltr'>superest.</span> <span class='ocrx_word' id='word_1_239' title='bbox 567 3167 666 3222; x_wconf 85' lang='lat' dir='ltr'>tamen</span> <span class='ocrx_word' id='word_1_240' title='bbox 681 3161 763 3222; x_wconf 87' lang='lat' dir='ltr'>hunc</span> <span class='ocrx_word' id='word_1_241' title='bbox 776 3179 832 3224; x_wconf 91' lang='lat' dir='ltr'>sua</span> <span class='ocrx_word' id='word_1_242' title='bbox 845 3165 923 3224; x_wconf 81' lang='lat' dir='ltr'>laeta</span> <span class='ocrx_word' id='word_1_243' title='bbox 933 3162 1039 3224; x_wconf 80' lang='lat' dir='ltr'>rel‘cni</span> <span class='ocrx_word' id='word_1_244' title='bbox 1175 3199 1178 3210; x_wconf 54' lang='grc' dir='ltr'>ι</span> 
     </span>
     <span class='ocr_line' id='line_1_36' title="bbox 112 3239 1180 3322; baseline 0.002 -17"><span class='ocrx_word' id='word_1_245' title='bbox 112 3271 114 3274; x_wconf 92' lang='grc'><strong><em>·</em></strong></span> <span class='ocrx_word' id='word_1_246' title='bbox 161 3250 197 3306; x_wconf 83' lang='grc'>70</span> <span class='ocrx_word' id='word_1_247' title='bbox 250 3242 288 3302; x_wconf 86' lang='lat' dir='ltr'>Et</span> <span class='ocrx_word' id='word_1_248' title='bbox 301 3258 335 3303; x_wconf 87' lang='lat' dir='ltr'>se</span> <span class='ocrx_word' id='word_1_249' title='bbox 349 3244 505 3304; x_wconf 88' lang='lat' dir='ltr'>materiam</span> <span class='ocrx_word' id='word_1_250' title='bbox 519 3245 661 3305; x_wconf 85' lang='lat' dir='ltr'>carminis</span> <span class='ocrx_word' id='word_1_251' title='bbox 673 3262 745 3309; x_wconf 88' lang='lat' dir='ltr'>esse</span> <span class='ocrx_word' id='word_1_252' title='bbox 758 3246 850 3322; x_wconf 89' lang='lat' dir='ltr'>iuvat,</span> <span class='ocrx_word' id='word_1_253' title='bbox 1020 3267 1022 3270; x_wconf 85' lang='lat'>·</span> <span class='ocrx_word' id='word_1_254' title='bbox 1067 3255 1084 3263; x_wconf 75' lang='grc'>·’</span> <span class='ocrx_word' id='word_1_255' title='bbox 1175 3239 1180 3268; x_wconf 77' lang='grc'>”</span> 
     </span>
     <span class='ocr_line' id='line_1_37' title="bbox 211 3325 949 3406; baseline 0.005 -20"><span class='ocrx_word' id='word_1_256' title='bbox 211 3325 348 3400; x_wconf 80' lang='lat' dir='ltr'>Cumque</span> <span class='ocrx_word' id='word_1_257' title='bbox 361 3327 499 3402; x_wconf 82' lang='lat' dir='ltr'>Gigantei</span> <span class='ocrx_word' id='word_1_258' title='bbox 512 3340 720 3392; x_wconf 90' lang='lat' dir='ltr'>memorantur</span> <span class='ocrx_word' id='word_1_259' title='bbox 735 3331 853 3404; x_wconf 90' lang='lat' dir='ltr'>proelia</span> <span class='ocrx_word' id='word_1_260' title='bbox 866 3331 949 3406; x_wconf 88' lang='lat' dir='ltr'>belli,</span> 
     </span>
     <span class='ocr_line' id='line_1_38' title="bbox 251 3409 923 3476; baseline 0.009 -8"><span class='ocrx_word' id='word_1_261' title='bbox 251 3409 400 3470; x_wconf 85' lang='lat' dir='ltr'>Credibile</span> <span class='ocrx_word' id='word_1_262' title='bbox 414 3419 462 3470; x_wconf 91' lang='lat' dir='ltr'>est</span> <span class='ocrx_word' id='word_1_263' title='bbox 475 3411 587 3474; x_wconf 90' lang='lat' dir='ltr'>laetum</span> <span class='ocrx_word' id='word_1_264' title='bbox 602 3414 745 3476; x_wconf 90' lang='lat' dir='ltr'>laudibus</span> <span class='ocrx_word' id='word_1_265' title='bbox 761 3431 832 3476; x_wconf 87' lang='lat' dir='ltr'>esse</span> <span class='ocrx_word' id='word_1_266' title='bbox 846 3416 923 3476; x_wconf 88' lang='lat' dir='ltr'>suis.</span> 
     </span>
     <span class='ocr_line' id='line_1_39' title="bbox 208 3493 1029 3574; baseline 0.01 -22"><span class='ocrx_word' id='word_1_267' title='bbox 208 3493 250 3552; x_wconf 89' lang='lat' dir='ltr'>Te</span> <span class='ocrx_word' id='word_1_268' title='bbox 265 3493 419 3554; x_wconf 88' lang='lat' dir='ltr'>celebrant</span> <span class='ocrx_word' id='word_1_269' title='bbox 431 3493 481 3556; x_wconf 90' lang='lat' dir='ltr'>alii</span> <span class='ocrx_word' id='word_1_270' title='bbox 496 3503 610 3572; x_wconf 89' lang='lat' dir='ltr'>quanto</span> <span class='ocrx_word' id='word_1_271' title='bbox 625 3497 715 3558; x_wconf 85' lang='lat' dir='ltr'>decet</span> <span class='ocrx_word' id='word_1_272' title='bbox 727 3514 789 3572; x_wconf 86' lang='lat' dir='ltr'>ore,</span> <span class='ocrx_word' id='word_1_273' title='bbox 804 3505 936 3574; x_wconf 85' lang='lat' dir='ltr'>tuusque</span> <span class='ocrx_word' id='word_1_274' title='bbox 1028 3535 1029 3538; x_wconf 60' lang='lat'><em>=</em></span> 
     </span>
    </p>
   </div>
   <div class='ocr_carea' id='block_1_3' title="bbox 0 0 1264 4012">
    <p class='ocr_par' dir='ltr' id='par_1_3' title="bbox 0 0 1264 4012">
     <span class='ocr_line' id='line_1_40' title="bbox 0 0 1264 4012; baseline 0 0"><span class='ocrx_word' id='word_1_275' title='bbox 0 0 1264 4012; x_wconf 95' lang='lat' dir='ltr'> </span> 
     </span>
    </p>
   </div>
  </div>
 </body>
</html>
