2520 4012
433 205 461 280 l,
485 205 520 280 8,
541 203 660 280 25-9,
680 205 730 269 49.
905 275 909 282 ,
1051 213 1091 278 17

204 344 277 420 Cum
298 359 371 421 latet
389 358 438 418 hic
458 375 587 434 pressus
608 357 756 432 nubibus,
778 360 829 422 illa
849 363 932 438 sugit,
983 389 987 396 ·

161 440 278 504 Mobile
294 443 339 502 sic
355 442 494 517 sequitur
508 445 648 504 fortunae
663 443 776 504 lumina
791 448 918 520 vulgus:

204 527 288 600 Quae
304 525 394 586 simul
408 526 534 586 inducta
547 526 628 586 nube
643 531 794 604 teguntur,
810 529 881 588 abit.

112 617 146 672 1⁵
159 609 244 670 Haec
259 625 379 684 precor,
394 615 428 670 ut
442 625 566 684 semper
580 610 703 684 possint
716 610 768 672 tibi
784 611 861 672 salsa
875 613 981 676 videri.

198 691 276 753 Sunt
288 700 389 753 tamen
407 700 519 774 eventu
537 709 612 754 vera
627 693 749 752 fatenda
763 710 843 772 mep.

163 777 241 837 Dum
253 777 404 850 stetimus
420 777 526 836 turbae
542 785 688 852 quantum
703 777 777 838 satis
794 784 885 854 esset,
900 779 1045 843 habebat

200 861 277 920 Nota
293 861 426 934 quidem,
442 861 499 920 sed
515 877 576 920 non
592 861 753 922 ambitiosa
767 862 886 924 domus.

158 945 200 1004 nt
213 945 303 1004 simul
317 945 448 1018 impulsa
462 951 518 1018 est,
534 959 641 1004 omnes
656 945 783 1004 timuere
797 947 923 1022 ruinam,

110 1035 147 1090 20
199 1027 354 1102 Cautaque
370 1029 523 1088 communi
537 1037 622 1102 terga
636 1028 751 1088 dedere
769 1029 869 1102 fugae.

160 1109 261 1171 Saeva
276 1127 376 1187 neque
391 1111 526 1172 admiror
540 1118 677 1171 metuunt
691 1112 718 1170 si
733 1113 866 1188 fulmina,
882 1129 1013 1189 quorum

195 1192 319 1270 ignibus
335 1194 434 1254 alilari
445 1195 590 1268 proxima
606 1210 746 1272 quaeque
763 1197 871 1256 solent.

160 1277 223 1338 Sed
237 1283 337 1338 tamen
353 1281 384 1338 in
399 1277 485 1338 duris
500 1286 708 1338 remanentem
720 1279 812 1340 rebus
828 1280 958 1342 amicum

203 1362 372 1435 Quamlibet
386 1362 486 1423 inviso
502 1362 658 1422 Caesario
673 1361 762 1422 hoste
777 1363 896 1437 probat,
965 1429 979 1446 .

109 1454 145 1506 25
159 1445 223 1505 Nec
239 1447 317 1506 solet
330 1446 463 1518 irasci...
479 1460 580 1520 oeque
595 1445 675 1504 enim
690 1446 876 1506 moderatior
890 1448 996 1508 alter...

200 1528 274 1591 Cum
290 1531 358 1605 quis
374 1531 403 1588 in
420 1527 570 1603 adversis,
586 1529 688 1604 siquid
703 1530 823 1602 amavit,
839 1538 929 1590 anret.

157 1613 204 1673 De
219 1613 328 1674 comite
342 1613 478 1688 Argolici
493 1619 659 1690 postquam
675 1615 821 1688 cognovit
835 1611 970 1689 Orestae,

200 1697 345 1757 Narratur
357 1697 495 1774 Pyladen
510 1697 579 1772 ipse
593 1696 745 1771 probasse
758 1696 870 1756 Thoas.

159 1780 245 1854 Quae
258 1781 313 1841 fuit
325 1779 494 1842 Actoridae
509 1796 578 1840 cum
593 1795 704 1854 magno
720 1795 844 1856 semper
856 1779 984 1854 Achille,

108 1871 146 1926 30
201 1865 333 1924 Laudari
348 1865 438 1928 solita
453 1871 500 1923 est
513 1863 654 1924 Hectoris
671 1880 724 1924 ore
739 1863 827 1924 fides.

158 1946 247 2020 Quod
261 1950 332 2023 pius
348 1949 388 2008 ad
403 1941 509 2008 manes
523 1947 661 2008 Theseus
677 1961 781 2011 comes
796 1947 873 2006 isset
888 1947 995 2022 amico,

197 2032 375 2092 Tartareum
389 2033 495 2092 dicunt
508 2031 680 2092 indoluisse
695 2032 796 2090 deum.

153 2113 283 2192 Euryali
296 2115 422 2190 Nisique
436 2115 497 2174 lide
511 2115 574 2189 tibi,
588 2115 697 2189 Turne,
712 2116 808 2174 relata

197 2198 348 2259 Credibile
362 2204 409 2260 est
422 2197 554 2258 lacrimis
569 2197 758 2258 inmaduisse
772 2211 878 2272 genas.

31 2344 38 2358 ,
106 2290 140 2345 35
155 2281 211 2342 Est
224 2283 314 2342 etiam
329 2282 449 2342 miseris
464 2282 573 2358 pietas,
589 2288 619 2341 et
632 2281 662 2340 in
677 2281 766 2342 hoste
781 2279 937 2356 probatur.

196 2365 234 2425 Ei
249 2365 330 2442 mihi,
346 2381 436 2442 quam
453 2382 581 2440 paucos,
596 2365 674 2426 haec
688 2381 757 2425 mea
770 2365 852 2425 dicta
865 2369 1003 2426 moventi

154 2451 184 2510 ls
200 2456 298 2510 status
314 2456 362 2510 est
374 2465 477 2510 rerum
492 2466 573 2510 nunc
589 2455 618 2508 et
632 2449 755 2510 fortuna
768 2463 911 2520 mearum,

196 2533 314 2594 Debeat
328 2541 361 2595 ut
374 2534 507 2594 lacrimis
523 2534 625 2594 nullus
641 2533 754 2594 adesse
767 2533 890 2593 modus.

155 2617 197 2676 nt
209 2633 278 2676 mea
294 2625 372 2692 sunt,
388 2617 516 2692 proprio
532 2617 672 2692 quamvis
687 2616 894 2678 maestissima
908 2629 993 2689 casu,

105 2709 145 2762 40
197 2699 325 2762 Pectora
340 2716 491 2776 processu
507 2702 588 2762 lacta
601 2715 713 2760 serena
727 2705 790 2758 tuo.

154 2785 222 2844 Hoc
237 2791 415 2845 eventurun
430 2786 491 2845 iam
505 2792 586 2857 tunc
603 2783 769 2856 carissime,
784 2782 856 2854 vidi,

194 2865 299 2928 Ferret
313 2868 414 2929 adhuc
428 2868 517 2930 istam
533 2883 602 2929 cum
617 2867 717 2928 minor
731 2881 806 2926 aura
820 2872 926 2926 ratem.

154 2950 228 3012 Sive
242 2952 370 3028 aliquod
384 2968 512 3026 morum,
528 2967 585 3012 seu
599 2951 680 3011 vitae
695 2949 764 3012 labe
780 2949 912 3010 carentis

193 3033 250 3095 Est
262 3037 403 3111 pretium,
419 3050 509 3096 nemo
524 3035 621 3109 pluris
638 3033 786 3094 emendus
801 3034 871 3092 erit:

105 3126 138 3179 45
155 3115 228 3179 Sive
241 3135 301 3194 per
314 3121 464 3194 ingenuas
480 3118 589 3194 aliquis
606 3124 699 3192 caput
712 3117 820 3178 extulit
835 3124 947 3178 artes...

194 3201 353 3278 Quaelibet
368 3202 491 3278 eloquio
506 3201 541 3262 fit
554 3201 636 3261 bona
652 3216 746 3262 causa
761 3207 823 3262 tuo.

150 3283 206 3346 His
221 3301 281 3360 ego
298 3295 468 3348 commotus
486 3285 550 3345 dixi
564 3285 617 3345 tibi
632 3285 770 3360 protinus
787 3285 846 3360 ipsi

192 3368 309 3430 ‘Saena
322 3379 425 3434 manet
440 3367 528 3430 dotes
543 3367 679 3444 grandis,
696 3369 801 3440 amice,
821 3373 913 3430 tuas?

149 3451 234 3512 llaec
251 3453 324 3516 mihi
340 3471 401 3524 non
418 3454 521 3514 ovium
537 3451 633 3512 librae
648 3453 817 3514 tonitrusve
833 3452 956 3524 sinistri,

100 3550 185 3594 ovro.
209 3536 258 3595 lll.
612 3581 615 3590 ,
854 3541 871 3594 2
1016 3553 1018 3558 ’
