2520 4012
532 207 776 280 'Talsrtum

277 341 427 451 cycladas
442 373 585 448 Aegaeas
601 347 801 446 obstupuisse
816 376 899 446 puto.

234 457 306 532 lpse
322 473 379 532 ego
394 471 475 516 nunc
488 457 591 529 miror,
606 456 697 517 tantis
713 455 866 530 animique
880 453 1037 530 marisque

190 549 224 604 10
277 540 433 600 Fluctibus
449 541 603 615 ingenium
617 556 678 600 non
696 538 847 599 cecidisse
862 554 973 598 meum.
1024 601 1026 604 ,

235 621 298 684 Seu
312 629 420 700 stupor
434 624 505 684 huic
519 625 631 698 studio,
647 623 713 683 sive
729 627 777 680 est
790 621 911 684 insania
925 637 1046 696 nomen,

279 705 382 768 Omnis
399 709 437 767 ab
451 708 509 768 lrac
525 723 599 767 cura
611 722 699 765 mens
713 706 849 766 relevata
862 720 931 764 mea
946 712 1003 769 est.

239 789 340 866 Saepe
355 807 412 866 ego
427 792 576 851 nimbosis
592 789 703 850 dubius
719 789 856 850 iactabar
871 789 909 848 ab
924 789 1048 863 Haedis,
1113 784 1116 793 ’

280 873 383 949 Saepe
398 875 500 933 minax
515 872 663 948 Steropes
679 872 781 950 sidere
797 880 908 948 pontus
925 879 998 946 erat,

193 967 226 1020 15
238 957 455 1032 Fuseabatque
470 957 551 1016 diem
567 964 673 1017 custos
687 956 927 1032 Erymanthidos
941 955 1043 1027 ursae,
1086 983 1088 992 ι
1141 981 1146 990 f

273 1044 336 1102 Aut
348 1041 476 1118 Hyadas
493 1042 571 1102 seris
586 1042 731 1101 hauserat
745 1047 848 1100 auster
863 1040 968 1116 aquis:

241 1123 342 1199 Saepe
356 1124 449 1185 maris
465 1141 539 1200 pars
553 1125 634 1184 intus
651 1132 724 1185 erat.
745 1131 844 1185 tomen
860 1125 956 1200 ipset
943 1122 1082 1183 trementi

278 1209 419 1268 Carmina
433 1207 590 1270 ducebant
600 1209 834 1284 qualiacumque
848 1225 949 1282 manu

120 1295 122 1300 '
237 1292 322 1351 Nune
338 1307 463 1370 quoque
478 1292 611 1352 contenti
626 1291 757 1353 stridunt
770 1277 916 1367 aquilone
930 1292 1084 1364 rudentes,

192 1384 228 1438 20
282 1377 379 1452 Inque
394 1377 518 1437 modum
532 1377 638 1438 tumuli
652 1393 790 1436 concava
804 1377 902 1450 surgit
915 1392 1004 1452 aqua.

238 1459 310 1535 lpse
323 1460 510 1534 gubernator
523 1462 633 1522 tollens
650 1461 690 1520 ad
705 1461 808 1520 sidera
821 1462 939 1535 palmas

280 1543 430 1619 Exposcit
442 1545 555 1618 votis,'
546 1560 696 1606 inmemor
709 1545 792 1618 artis,
808 1559 909 1618 opem.
1095 1605 1099 1611 ,

242 1625 441 1703 Quocumque
455 1629 574 1703 aspexi,
590 1628 664 1688 nihil
679 1634 728 1689 est
740 1627 799 1688 nisi
813 1629 919 1688 mortis
934 1627 1044 1702 imago,

283 1710 378 1785 Quam
394 1711 486 1772 dubia
500 1713 592 1773 timeo
607 1718 707 1771 mente
709 1712 904 1786 ,timensque
919 1726 1038 1788 precor
1109 1775 1112 1778 Α

193 1803 227 1856 25
241 1793 379 1870 Attigero
394 1804 525 1892 portum,
541 1802 632 1870 portu
646 1797 783 1856 terrebor
798 1796 858 1855 ab
852 1811 937 1870 ipso·

281 1877 353 1952 Plus
368 1879 483 1948 habet
450 1886 505 1940 tm
507 1881 586 1940 festa
599 1887 680 1939 terra
692 1879 809 1940 timoris
826 1895 917 1954 aqua.

242 1947 317 2022 Nam
333 1963 422 2023 simul
436 1963 555 2024 insidiis
570 1963 726 2025 hominum
741 1963 904 2040 pelagique
918 1963 1034 2036 labore,

285 2045 324 2105 Et
337 2047 452 2107 faciunt
464 2048 604 2122 geminos
619 2049 703 2110 ensis
719 2056 749 2108 et
763 2047 847 2108 unda
860 2055 970 2108 metus

239 2127 292 2188 Ille
307 2144 375 2190 meo
392 2128 502 2190 vereor
516 2147 555 2192 ne
570 2139 676 2208 speret
689 2131 840 2206 sanguine
856 2133 1011 2206 praedam,

194 2217 230 2272 30
276 2213 369 2273 Haec
382 2215 502 2282 titulum
516 2223 641 2276 nostrae
656 2215 762 2276 mortis
776 2214 890 2276 habere
906 2216 986 2276 velit.

242 2295 380 2356 Barbara
394 2313 467 2372 pars
483 2299 572 2360 laeva
586 2306 635 2360 est
649 2301 821 2375 avidaeque
836 2297 959 2359 addicta
972 2298 1109 2373 rapinae,

288 2379 383 2452 Quam
399 2396 491 2443 eruor
504 2389 535 2444 et
549 2384 662 2444 coedes
677 2385 820 2459 bellaque
836 2397 960 2474 semper
974 2381 1124 2442 habant.-

246 2461 383 2539 Cumque
397 2465 437 2525 sit
449 2464 586 2528 hibernis
602 2469 745 2542 agitatum
760 2458 922 2528 fluetibus
920 2481 1045 2542 aequor,

266 2545 407 2608 Pectora
422 2551 513 2609 sunt
506 2567 575 2625 ipso
591 2551 761 2612 turbrdiora
774 2567 860 2610 marr
933 2581 935 2586 ·
1241 2603 1242 2606 ,

196 2635 231 2690 35
246 2629 312 2703 Quo
328 2647 425 2706 magis
440 2632 487 2696 lus
504 2633 623 2696 debes
615 2651 786 2710 ignoscere
802 2634 933 2695 candide
947 2634 1052 2708 lector
1113 2629 1116 2634 ’
1193 2667 1195 2672 .
1239 2635 1242 2678 l

285 2712 317 2774 Si
331 2731 388 2790 spe
402 2716 472 2791 sint,
486 2724 521 2778 ut
534 2719 659 2793 suntin
662 2720 774 2780 seriora
788 2726 850 2778 tua
916 2725 920 2730 '
1240 2711 1241 2742 ³

242 2797 310 2858 Nou
324 2798 425 2858 haee
417 2818 446 2860 m
462 2801 587 2876 nostrie,
603 2811 636 2863 ut
651 2803 815 2879 q,uondam
832 2801 994 2862 scribimus
1009 2801 1117 2875 herile,
1238 2747 1241 2908 ἱ

285 2880 359 2956 Nee,
374 2891 533 2957 consuete,
547 2901 658 2961 meum,
651 2823 793 2962 qlectule,
810 2900 923 2960 corpus
938 2883 1045 2946 habes.

245 2963 346 3023 lactor
359 2965 390 3023 in
405 2967 553 3028 indomito
567 2968 697 3030 brumali
710 2973 779 3032 luce
793 2968 958 3046 profundo,
1139 3005 1142 3010 ι

197 3053 233 3108 lo
288 3047 425 3123 Ipsaque
440 3051 588 3112 caeruleis
604 3054 709 3114 charta
722 3055 828 3115 feritur
843 3053 943 3128 aquis.

246 3129 391 3205 Improba
404 3141 520 3209 pugnat
533 3134 631 3197 hiems
646 3138 891 3214 indignaturque,
909 3136 1000 3215 quod
1008 3133 1107 3196 ausim

288 3212 429 3276 Scribere
445 3233 479 3278 se
494 3217 608 3294 rigidas
623 3222 788 3283 incutiente
802 3223 911 3282 minas

247 3295 359 3359 Vincat
372 3300 469 3362 hiems
484 3301 652 3364 hominem!
676 3305 739 3366 Sed
754 3305 890 3371 eodemt
891 3317 1027 3400 empore,
1043 3315 1174 3380 quaeso,

283 3380 355 3455 lpse
369 3387 493 3446 modum
509 3392 638 3448 statuam
653 3390 804 3460 carminis,
820 3389 873 3448 illa
887 3387 946 3447 sui.
