2520 4012
486 241 487 245 =
536 205 764 266 TRISTIUM

270 357 333 420 Nec
347 357 451 417 lenitas
467 358 577 431 animo,
601 373 680 432 quae
696 356 751 416 fuit
767 363 845 432 ante,
868 362 980 416 manet

232 441 377 518 Quaeque
392 441 439 500 sui
455 442 549 502 iussis
564 441 754 516 obtemperat
768 440 845 499 Inda
859 439 996 514 magistri
1076 477 1083 486 ι

269 525 374 598 Belua,
398 525 554 586 servitium
567 533 707 601 tempore
722 524 803 585 victa
817 524 909 584 subit.
967 532 971 537 ’

231 611 374 686 Tempus
397 615 430 669 ut
445 610 576 671 extentis
590 615 713 680 tumeat,
737 608 818 682 tacit,
840 623 902 667 uva
915 609 1058 684 racemis,

189 709 224 761 10
274 694 397 768 Vixque
411 709 528 768 merum
543 693 666 769 capiant
679 707 783 766 grana,
809 692 893 766 quod
907 690 990 752 intus
1004 692 1130 754 habent.

232 777 366 853 Tempus
382 784 412 836 et
425 779 456 836 in
472 793 565 836 canas
581 790 687 835 semen
702 775 846 851 producit
859 775 980 849 aristas,

271 863 309 922 Et
324 876 362 920 ne
377 861 439 920 sint
452 859 529 920 tristi
544 875 638 936 poma
653 874 775 935 sapore,
798 859 880 920 facit.
1006 939 1007 942 Ἴ

204 975 206 986 =
231 943 298 1005 Hoc
312 950 417 1004 tenuat
427 945 553 1004 dentem
567 951 679 1004 terram
694 943 838 1002 findentis
854 944 954 1019 aratri,

272 1029 339 1088 Hoc
353 1025 470 1102 rigidos
486 1028 607 1102 silices,
620 1027 681 1088 hoc
696 1027 859 1088 adamanta
873 1026 951 1087 terit.

189 1123 223 1176 15
234 1109 301 1173 Hoc
316 1109 406 1170 etiam
419 1127 530 1173 saevas
545 1111 691 1187 paulatim
705 1111 822 1186 mitigat
836 1112 907 1184 iraS,

273 1195 340 1255 Hoc
354 1195 460 1255 micuit
473 1196 573 1256 luctus
586 1201 766 1270 maestaque
783 1195 878 1255 corda
892 1195 984 1256 levate

234 1279 347 1340 cuneta
362 1286 465 1354 potest
480 1280 571 1354 igitur
585 1280 676 1340 tacito
693 1279 773 1354 pede
786 1279 876 1355 lapsa
891 1286 1027 1342 vetustas

275 1362 494 1438 Praeterquam
509 1379 598 1423 ouras
615 1369 772 1423 attenuare
786 1378 882 1422 meas.

233 1445 272 1506 Ut
286 1446 386 1520 patria
399 1462 500 1520 careo,
521 1447 570 1507 bis
586 1447 723 1522 frugibus
739 1462 812 1506 area
825 1448 895 1508 trita
911 1455 966 1522 est,

166 1524 168 1534 '
189 1539 225 1592 20
274 1528 414 1589 Dissiluit
427 1531 510 1590 nudo
526 1546 637 1606 pressa
650 1531 699 1590 bis
714 1545 776 1590 uva
791 1531 880 1605 pede.

232 1612 294 1672 Nec
309 1613 448 1686 quaesita
460 1620 562 1674 tamen
577 1615 677 1690 spatio
692 1614 839 1689 patientia
853 1615 945 1690 longo
962 1621 1017 1690 est,

274 1695 424 1772 Mensque
439 1698 510 1757 mali
526 1713 655 1772 sensum
668 1705 775 1758 nostra
788 1700 920 1758 recentis
935 1699 1036 1760 habet
1096 1757 1100 1770 ,

234 1779 358 1840 Scilicet
373 1787 403 1839 et
416 1787 539 1841 veteres
554 1783 673 1856 lugiunt
687 1782 759 1856 iuga
775 1797 870 1858 saepe
884 1783 1014 1857 iuvenci,

273 1861 312 1922 Et
326 1864 460 1924 domitus
475 1865 561 1924 freno
578 1881 674 1940 saepe
688 1872 839 1940 repugnat
854 1881 962 1942 equus.
1040 1909 1042 1912 -

189 1949 224 2008 25
235 1946 361 2006 Tristior
375 1955 423 2007 est
437 1948 528 2007 eliam
542 1963 690 2023 praesens
707 1964 853 2010 aerumna
867 1951 984 2026 priore:

274 2029 314 2089 Ut
328 2030 367 2090 sil
382 2031 462 2092 enim
476 2030 536 2091 sibi
549 2047 614 2106 par,
639 2033 734 2093 crevit
748 2039 779 2093 et
792 2039 881 2094 aucta
895 2049 981 2092 mora
995 2039 1052 2094 est.

232 2111 294 2172 Nec
308 2119 370 2174 tam
384 2121 458 2175 nola
471 2115 553 2188 mihi,
577 2131 669 2189 quam
684 2122 761 2190 sunt,
784 2117 864 2176 mala
878 2123 984 2176 nostra
998 2117 1128 2188 fuerunt,

275 2193 337 2256 Sed
351 2198 449 2273 magis
464 2198 533 2272 hoc,
557 2214 618 2273 quo
634 2206 705 2259 sunt
719 2200 895 2274 cognitiora,
919 2206 1055 2275 gravant.

232 2278 288 2339 Est
303 2296 427 2354 quoque
440 2298 503 2342 non
518 2282 683 2356 minimum,
704 2283 787 2342 vires
803 2281 914 2342 afferre
927 2291 1076 2360 recentes,

190 2369 225 2424 30
274 2362 337 2422 Nee
351 2371 642 2440 praeconsumptum
656 2365 804 2440 temporis
819 2381 891 2426 esse
905 2368 1003 2428 malis.

232 2445 352 2506 Fortior
366 2448 397 2505 in
413 2449 496 2508 fulva
510 2464 611 2508 novus
626 2455 674 2508 est
686 2451 817 2509 luctator
830 2467 932 2524 arena,

272 2533 370 2606 Quam
385 2531 434 2592 eui
450 2539 521 2592 sunt
534 2532 622 2591 larda
635 2532 762 2592 brachia
776 2534 861 2593 fessa
874 2549 969 2594 mora.

232 2613 353 2688 Integer
367 2622 415 2674 est
429 2615 537 2674 melior
551 2615 653 2675 nitidis
669 2615 821 2690 gladiator
835 2617 865 2676 in
880 2618 981 2691 armis

271 2695 366 2770 Quam
381 2698 430 2759 oui
444 2699 505 2758 tela
520 2715 577 2759 suo
594 2699 744 2778 sanguine
757 2701 852 2762 tincta
864 2701 983 2761 rubent.

188 2787 222 2846 st
233 2777 303 2840 Fert
316 2780 395 2842 bene
410 2782 595 2858 praecipites
611 2784 699 2843 navis
715 2784 808 2844 modo
824 2786 905 2845 facta
919 2784 1085 2862 procellam

274 2863 444 2936 Quamlibet
460 2866 571 2940 exiguo
587 2868 717 2929 solvitur
730 2867 826 2928 imbre
841 2875 940 2928 vetus.

230 2947 294 3008 Nos
310 2963 436 3023 quoque
451 2949 679 3025 quesierimus,
700 2951 822 3013 tulimus
838 2953 1002 3026 patientius
1018 2958 1087 3012 ante

273 3030 369 3104 Quam
384 3032 464 3091 mala
478 3039 549 3094 sunt
562 3034 657 3110 longa
669 3036 868 3118 multiplicata
882 3037 943 3096 die.
1016 3039 1029 3066 ⁹

232 3115 360 3191 Credite,
383 3115 505 3177 deficio.
535 3125 704 3196 nostroque
719 3137 738 3180 a
753 3135 885 3196 corpore
900 3127 1046 3196 quantum

181 3203 218 3258 lo
263 3200 415 3276 Auguror,
438 3202 585 3263 accedent
599 3210 738 3278 tempora
752 3221 850 3279 parva
865 3205 962 3265 malis.

227 3281 303 3342 Nam
317 3299 419 3360 neque
434 3293 504 3346 sunt
520 3287 612 3364 vires,
634 3303 691 3346 nec
706 3289 759 3363 qui
778 3291 865 3349 color
879 3296 950 3349 ante
963 3288 1099 3349 solebam

266 3365 329 3426 Vix
344 3366 443 3430 habeo
458 3376 589 3444 tenuem,
613 3387 694 3448 quae
708 3379 791 3448 tegat
806 3389 889 3448 ossa,
913 3379 1022 3434 cutem.

227 3445 362 3523 corpore
377 3453 434 3512 sed
448 3467 535 3515 mens
551 3463 598 3516 est
611 3471 704 3534 aegro
720 3457 819 3533 magis
834 3473 937 3535 aegra,
959 3455 1095 3532 malique
