2454 4004
149 213 214 294 ‘aaa
538 187 824 288 Fusrouulu

432 429 433 434 ‘
530 425 579 491 17.
608 425 793 487 aure-na
828 397 844 496 s

215 601 217 604 .
233 543 333 606 Tertia
346 550 419 621 post
432 544 504 604 ldus
519 546 572 604 lux
587 551 634 604 est
648 543 845 604 celeberrima
858 543 991 608 Baccho.
1069 557 1071 564 ⁴

272 628 408 703 Bacche,
427 629 496 694 iane
510 627 588 702 vati,
605 629 676 687 dum
690 635 743 688 tua
758 625 836 686 leste
851 639 938 688 cano.

170 723 222 778 715
237 711 299 773 Neo
316 713 447 772 reseram
462 711 613 771 Semelen.
642 711 683 770 ad
698 725 789 786 quam
803 710 862 770 nisi
878 711 1003 772 fulmina
1017 728 1127 776 secum

275 796 413 871 Iuppiter
430 794 577 868 adferret,
593 809 708 868 paruus
723 794 847 854 inermis
864 809 950 854 eras=
987 818 991 824 ·

234 877 312 952 Nec,
331 894 408 953 puer
422 884 456 939 ut
469 893 582 952 posses
597 883 715 937 maturo
729 884 867 951 ternpore
884 879 979 950 nasci,
1081 914 1085 923 -

273 961 436 1036 Expletum
451 961 548 1036 patrio
564 973 694 1035 corpore
708 960 812 1020 matris
828 977 915 1035 opus.

190 1081 192 1085 -
235 1043 379 1105 Sithonas
394 1049 424 1104 et
438 1043 602 1120 Scythicos
617 1045 739 1117 longum
756 1050 803 1103 est
817 1045 1139 1120 narraretriumphos,

171 1135 223 1190 720
276 1129 314 1188 Et
329 1128 459 1188 domitas
475 1134 597 1202 gentes,
613 1127 719 1187 turifer
733 1127 824 1201 Inde,
838 1133 932 1192 tuas..

234 1211 278 1272 Tu
294 1227 418 1287 quoque
431 1211 595 1270 Thebanae
608 1212 688 1270 mala
702 1210 819 1285 praeda
831 1211 973 1270 tacebere
987 1212 1103 1284 matris,

274 1295 370 1369 Inque
383 1302 468 1355 tuum
484 1295 569 1354 iuriis
584 1301 666 1366 acte,
681 1291 839 1370 Lycurge,
854 1310 945 1368 genu.

233 1377 314 1438 Ecce
328 1377 402 1438 libet
416 1377 534 1438 subitos
551 1378 653 1453 pisces
667 1377 887 1453 Tyrrhenaque
902 1383 1037 1436 monstra
1125 1416 1128 1420 ,

274 1463 391 1522 Dicere.
422 1453 478 1520 se‘d
493 1475 554 1520 non
569 1467 617 1520 est
631 1460 774 1520 carminis
789 1459 879 1521 huius
895 1477 983 1536 opus.
1100 1462 1104 1468 ’

170 1555 221 1611 755
237 1545 383 1605 carminis
398 1544 489 1604 huius
504 1558 583 1620 opus
599 1559 709 1620 capsas
725 1559 922 1620 expromere,
939 1560 1031 1620 quare

274 1628 352 1687 Vilis
361 1643 445 1689 -anus
459 1629 595 1703 populos
611 1629 651 1687 ad
663 1627 797 1688 sualiba
812 1636 910 1688 vocet.

233 1711 314 1772 Ante
328 1718 397 1771 tuos
413 1717 497 1771 ortus
513 1725 585 1770 arae
599 1711 667 1770 sine
681 1711 799 1771 honore
814 1711 946 1786 luerunt,

274 1793 379 1866 Liber,
396 1801 426 1854 et
440 1795 470 1854 in
485 1794 595 1867 gelidis
611 1793 706 1854 herba
719 1801 842 1868 reperta
855 1795 944 1854 locis.
1029 1821 1033 1826 ¹
1144 1793 1149 1800 '

232 1877 274 1937 Te
288 1884 457 1936 memorant
472 1877 578 1951 Gange
592 1884 719 1952 totoque
734 1878 851 1938 oriente
866 1878 991 1938 subacto

168 1976 220 2032 750
274 1960 424 2020 Primitiae
440 1975 551 2034 magno
567 1961 749 2035 seposuisse
763 1962 838 2020 lovi.

188 2101 191 2106 .
234 2043 379 2102 Cinnarna
394 2051 426 2103 tu
442 2045 557 2118 primus
573 2045 756 2120 captivaque
770 2051 838 2104 tura
851 2043 972 2116 dedisti,

272 2127 380 2202 Deque
396 2126 579 2201 triumphato
596 2127 715 2187 viscere
729 2133 812 2187 tosta
824 2127 914 2186 bove.

232 2209 360 2270 Nomina
377 2208 416 2268 ab
432 2209 566 2270 auctoris
582 2211 697 2290 ducunt
711 2210 854 2270 libamina
867 2215 978 2270 nomeu

271 2291 424 2366 Libaque,
441 2293 525 2367 quod
541 2294 638 2354 sacris
654 2310 727 2369 pars
742 2294 831 2355 datur
844 2293 915 2352 inde
929 2294 1017 2354 iocis.
1223 2285 1224 2334 ἶ

167 2379 219 2440 755
234 2374 310 2435 Libe
325 2375 384 2436 deo
399 2376 487 2449 fiunt,
503 2377 587 2436 sucis
606 2377 677 2451 quia
689 2376 832 2438 ¹dulcibus
845 2377 926 2438 idem

276 2457 409 2530 Gaudet,
426 2463 456 2516 el
469 2475 489 2517 a
501 2458 625 2520 Baccho
642 2461 732 2520 mella
746 2465 868 2536 reperta
882 2461 989 2520 ierunt.

232 2539 298 2600 lbet
314 2539 467 2604 harenoso
485 2542 598 2617 satyris
614 2544 775 2604 comitatus
791 2545 829 2603 ab
843 2543 975 2616 Hebro,

273 2623 340 2683 Non
355 2623 447 2684 babet
462 2624 597 2698 ingratos
613 2626 716 2688 labulo
730 2633 836 2688 nostra
850 2627 968 2687 iocos...

232 2707 357 2782 lamque
375 2713 439 2768 erat
449 2709 488 2768 ad
501 2707 673 2786 Rhodopen
685 2709 888 2786 Pangaeaque
899 2709 1010 2770 florida
1025 2715 1168 2771 ventum»
1222 2761 1223 2778 ,

167 2805 219 2861 740
274 2790 432 2851 Aeriierae
447 2793 590 2853 comitum
605 2807 815 2869 concrepuere
831 2809 993 2853 manus·
1094 2869 1096 2873 Α

231 2873 312 2933 Ecce
331 2889 432 2935 novae
447 2883 557 2935 coeunt
573 2878 714 2938 volucres
728 2877 885 2939 tinnitibus
899 2883 995 2950 actae,

275 2955 422 3032 Quosque
435 2966 562 3019 movent
576 2962 695 3021 sonitus
711 2977 799 3035 aera,
819 2959 1096 3035 s'cquunturapes.

232 3039 352 3112 Colligit
366 3049 502 3101 errantes
518 3050 548 3104 at
561 3043 592 3102 in
606 3043 717 3103 arbore
731 3045 846 3103 claudit
860 3043 941 3102 inani

269 3120 375 3194 Liber,
391 3130 422 3183 ct
435 3124 550 3185 inventi
570 3128 705 3201 praemia
718 3127 818 3186 mellis
833 3125 935 3185 habet.

167 3212 219 3268 745
233 3202 272 3264 Ut
288 3206 381 3280 satyri
398 3208 537 3281 levisque
552 3224 650 3270 senex
664 3211 790 3284 tetigere
805 3224 959 3284 saporam,
1221 3213 1222 3240 ³

273 3285 465 3360 Quaerebant
478 3288 578 3351 flavos
593 3307 651 3367 per
663 3307 771 3353 nemus
787 3307 877 3353 omno
892 3293 991 3351 iavos.

236 3368 330 3426 Audit
343 3363 374 3428 in
389 3387 485 3430 exesa
500 3374 662 3432 stridorem
680 3376 827 3436 examinis
847 3375 940 3446 tdmo,

275 3450 395 3524 Aspicit
409 3459 439 3511 et
454 3467 542 3510 ceras
559 3453 791 3532 dissimulatque
805 3469 918 3518 senexa
