2454 4004
157 285 231 353 seeo
504 361 507 366 ,
556 245 843 345 rnsroauu¹
962 233 963 238 Ν

139 499 140 502 ,
185 433 236 508 toa
251 441 337 501 Neve
352 434 453 500 minus
469 438 580 498 multos
595 430 748 509 redigam,
770 449 860 510 quam
875 449 965 514 mane
980 425 1122 498 luerunt:

292 524 376 596 Neve
391 537 512 600 gemam
526 521 663 582 reterens
680 519 796 580 vellera
809 524 899 594 rapta
912 518 999 594 lupo.
1098 517 1100 520 ’

251 607 343 670 Absit
353 607 461 681 iniqua
476 607 582 665 lamas.
612 602 728 662 herbae
742 601 932 677 frondesque
946 605 1116 680 supersint,

296 690 442 767 Quaeque
457 691 673 760 loremarius,
691 701 836 762 quaeque
849 685 1008 767 bibantur,
1025 705 1137 764 aquae.

251 773 355 836 Ubera
369 776 460 850 plena
475 776 621 848 premam.
652 771 766 832 relerat
781 769 853 830 mur
868 768 980 830 caseus
996 785 1080 846 aera,

113 931 114 934 Ἴ
188 865 245 926 770
301 859 442 935 Dentque
455 857 537 916 viam
553 855 671 930 liquido
687 854 801 914 vimina
816 869 886 914 rara
905 869 986 914 sero.

188 1008 191 1013 ,
254 940 362 1018 Sitque
376 943 463 1002 salax
479 941 575 1012 aries,
592 944 806 1014 conceptaque
819 936 938 998 semina
948 940 1093 1012 ¹(coniunx

294 1027 431 1100 Reddat,
446 1033 477 1084 et
490 1025 520 1084 in
535 1023 655 1084 stabulo
671 1022 765 1082 multa
782 1023 822 1081 sit
836 1035 916 1096 agna
930 1023 1010 1083 meo.
1028 1058 1030 1063 ·
1095 1051 1097 1056 ·

140 1121 158 1188 J
252 1107 400 1186 Lunaque
414 1109 577 1184 preveniat
589 1107 688 1167 nullas
703 1107 826 1166 laesura
842 1105 968 1180 puellas,

295 1193 396 1254 Mollis
412 1199 442 1252 et
455 1193 496 1252 ad
509 1199 631 1251 teneras
648 1189 813 1264 quamlibet
827 1195 899 1264 apta
913 1205 1030 1252 manus.

189 1277 241 1340 775
257 1275 340 1352 Quae
355 1271 481 1353 precor,
497 1275 648 1336 eveniant
678 1281 709 1334 et
723 1291 781 1334 nos
797 1273 945 1334 iaciamus
959 1276 998 1334 ad
1015 1291 1127 1336 annum

296 1361 457 1422 Pastorum
472 1359 615 1419 dominae
630 1357 760 1434 grandia
774 1357 837 1416 liba
849 1355 937 1418 Paua

253 1445 308 1506 llis
325 1446 384 1515 dea
397 1443 551 1520 placanda
566 1449 622 1502 est
653 1442 731 1502 haec
745 1449 778 1502 tu
793 1449 964 1502 conversus
979 1442 1119 1502 adortus

294 1519 351 1589 Dio
365 1535 489 1604 quater,
506 1535 536 1588 et
550 1527 621 1587 vivo
638 1528 743 1600 perlue
757 1540 828 1584 rore
844 1541 963 1599 manus.
1149 1589 1151 1596 ,

248 1613 327 1674 'Tum
343 1613 412 1680 licet
425 1611 583 1688 adposita,
601 1610 693 1670 veluti
709 1616 844 1683 cratere,
860 1610 987 1669 camella
1068 1655 1070 1657 .

188 1704 242 1762 780
296 1699 358 1758 Lac
374 1697 496 1756 niveum
511 1702 600 1770 potes
615 1708 863 1770 purpureamque
879 1709 999 1768 sapam:
1036 1735 1039 1738 .

253 1781 390 1855 Moxque
404 1795 460 1856 per
473 1780 617 1839 ardentes
633 1778 765 1852 stipulae
780 1777 955 1852 crepitantis
971 1793 1102 1838 acervos

295 1864 430 1924 Traicias
447 1863 539 1922 celeri
555 1869 681 1922 strenua
699 1860 837 1920 membra
852 1861 941 1936 pede.

253 1949 423 2023 Expositus
437 1963 506 2008 mos
522 1954 579 2007 est.
607 1945 703 2006 Moris
718 1944 791 2004 mihi
807 1951 903 2008 restat
916 1947 1012 2020 origo.
1113 2013 1121 2022 Ι

181 2047 182 2050 ’
296 2031 397 2092 Turba
411 2032 484 2092 iacit
498 2029 638 2103 dubium,
654 2035 826 2104 coeptaque
842 2038 948 2090 nostra
962 2036 1053 2090 tenet.

187 2127 242 2182 785
258 2109 366 2176 Omnia
380 2122 490 2190 purgat
505 2114 587 2175 edax
601 2113 696 2189 ignis,
715 2112 882 2188 vitiumque
896 2115 1028 2178 metallis

293 2200 456 2274 Excoquit.
485 2199 600 2275 ideirco
617 2213 685 2258 cum
700 2196 779 2257 duee
793 2207 904 2272 purgat
918 2198 1009 2260 crist

254 2287 318 2354 An,
336 2284 408 2358 quia
422 2289 600 2343 cunamrum
615 2281 767 2342 contraria
782 2281 900 2342 semina
912 2298 1013 2342 rerum
1127 2277 1131 2294 “

296 2367 374 2427 Sunt
389 2367 450 2428 duo
466 2366 644 2438 discordes,
660 2364 740 2440 ignis
755 2372 786 2425 et
800 2366 898 2441 unda,
914 2367 973 2438 dei,

253 2452 421 2511 iunxerunt
436 2451 585 2510 elementa
601 2457 719 2524 patres,
735 2455 903 2524 aptumque
917 2457 1061 2526 putarunt

190 2553 244 2609 790
299 2533 424 2608 Ignibus
439 2540 470 2592 et
486 2549 598 2608 sparsa
613 2540 736 2608 tangere
752 2549 866 2610 corpus
881 2541 983 2610 aquai

255 2623 320 2688 An,
339 2617 423 2692 quod
437 2618 467 2676 in
483 2617 531 2676 hls
547 2617 630 2676 vitae
646 2632 740 2678 causa
755 2625 817 2693 est,
832 2617 910 2686 haee
925 2617 1056 2694 perdidit
1072 2619 1148 2691 exul,

294 2701 350 2761 His
365 2717 447 2762 nova
461 2701 496 2761 lit
510 2701 659 2774 coniunx,
675 2701 752 2760 haec
768 2702 831 2761 duo
844 2717 956 2778 magna
970 2709 1098 2778 putant?

252 2783 315 2846 Vix
330 2785 472 2860 equidem
488 2785 592 2846 eredo.
624 2792 694 2845 sunt
709 2786 761 2860 qui
775 2785 965 2847 Phaethonta
978 2785 1085 2845 reterri

297 2869 428 2930 credant
442 2876 472 2929 et
486 2870 595 2930 nimias
609 2869 807 2931 Deucalionis
823 2885 931 2945 aquas.

154 2953 155 2956 ’
189 2965 242 3021 795
257 2953 332 3014 Pars
349 2969 490 3028 quoque,
506 2969 574 3016 cum
589 2953 676 3014 saxis
692 2960 835 3030 pastores
850 2969 929 3016 saxa
943 2953 1082 3024 lenibant,

299 3033 465 3096 Scintillam
482 3037 584 3098 subito
601 3037 787 3113 prosiluisse
796 3039 910 3098 lerunt:
967 3096 971 3100 ,
1022 3057 1029 3062 ’

254 3120 492 3194 Primaquidem
506 3122 610 3198 periit,
625 3121 747 3197 stipulis
763 3129 895 3196 excepta
909 3121 1048 3185 secunda
1061 3129 1117 3180 est.

297 3203 365 3264 Hoc
380 3213 590 3284 argumentum
605 3205 729 3266 flamma
742 3203 849 3266 Parilis
864 3206 978 3268 habete

254 3289 304 3347 An
319 3289 417 3362 magis
436 3288 518 3350 hunc
530 3305 650 3371 ‘morem
665 3290 765 3364 pietas
779 3290 898 3351 Aeneia
912 3288 994 3364 iecit,

186 3378 243 3434 80⁰
298 3371 467 3432 Innocuam
481 3375 564 3433 victo
580 3374 628 3432 oui
644 3372 728 3434 dedit
741 3375 821 3448 ignis
837 3375 914 3435 itert

225 3497 227 3501 -
252 3453 330 3512 Num
349 3461 449 3514 tamen
464 3463 513 3514 est
525 3471 600 3516 vero
616 3457 759 3532 propius,
775 3474 844 3518 cum
860 3457 984 3520 condita
997 3455 1099 3516 Roma
1112 3461 1162 3525 est,

295 3538 465 3598 Transierri
479 3537 584 3598 iussos
599 3539 630 3598 in
645 3555 727 3600 nova
741 3540 821 3602 'tecta
833 3541 930 3602 Lares
