2520 4008
151 247 194 312 oe
589 235 737 306 ruinis
802 201 804 208 ’

194 411 229 468 70
280 399 319 462 Et
336 399 425 461 sinite
441 395 555 472 optatis
569 397 694 474 pondus
709 395 814 468 inesse
829 394 917 455 meis.
1006 423 1020 430 ·v
1062 427 1065 432 ι

237 487 372 564 ipsaque
385 487 417 541 tu
431 481 544 556 Tellus,
566 481 668 557 ipsum
684 495 752 540 cum
765 475 910 540 fluctibus
926 491 1053 556 aequor,

279 569 352 644 ipse
365 581 451 626 meas
465 565 572 628 aether
586 565 692 640 accipe
707 577 825 624 summe
839 569 966 638 preces:
1155 639 1158 646 ,

239 652 413 727 Sideraque
428 655 458 710 et
471 647 567 710 radiis
583 647 771 708 circumdata
786 646 863 706 solis
878 646 990 723 imago,
1051 677 1071 732 ¹·

280 736 438 809 Lunaque,
458 745 723 808 -quaenumquam
738 745 799 808 quo
814 730 909 807 prius,
933 731 1007 792 orbe
1020 733 1129 801 micas,

152 833 157 844 ‘
196 829 229 886 ts
238 821 370 894 Noxque
385 815 578 880 tenebrarum
593 815 699 890 specie
711 814 883 876 reverenda
896 817 1025 892 tuarum,
1057 883 1060 888 ,

281 903 428 978 Quaeque
443 895 667 975 ratum'triplici
682 899 795 976 pollice
807 901 888 960 netis
904 915 992 976 opus,

239 987 358 1064 Quique
371 999 428 1062 per
442 983 577 1044 infernas
591 983 746 1046 horrendo
761 999 915 1046 murmure
928 983 1025 1044 valles

280 1068 488 1145 Inperiuratae
501 1065 614 1129 laberis
630 1067 729 1128 amnis
744 1081 852 1145 aquae,
1067 1079 1069 1084 ’

239 1155 384 1230 Quasque
398 1152 499 1212 lerunt
512 1155 592 1214 torto
606 1151 721 1212 vittatis
737 1167 837 1227 angue
851 1150 970 1228 capillis
1055 1165 1057 1172 ⁴

196 1247 232 1302 80
286 1235 425 1298 Carceris
438 1235 591 1298 obscuras
607 1242 679 1296 ante
694 1236 804 1296 sedere
819 1237 912 1310 lores,

238 1325 305 1384 Vos
321 1333 455 1397 quoque,
478 1319 568 1396 plebs
583 1335 739 1398 superum,
762 1319 844 1380 fauni
860 1320 1019 1399 satyrique
1033 1317 1184 1396 laresque

279 1405 481 1479 Fluminaque
495 1410 526 1464 et
536 1403 694 1482 nymphae
709 1404 940 1480 semideumque
954 1419 1061 1481 genus,

238 1489 380 1566 Denique
393 1487 432 1550 ab
447 1489 572 1565 antiquo
588 1487 651 1548 divi
664 1490 849 1564 veteresque
863 1489 999 1566 novique

280 1575 316 1635 ln
330 1577 468 1633 nostrum
484 1573 584 1633 cuncti
598 1577 729 1648 tempus,
751 1573 868 1649 adeste,
892 1572 987 1634 chao!

197 1667 233 1722 85
247 1656 388 1718 Carmina
403 1654 476 1716 dum
490 1655 582 1733 capiti
597 1657 676 1719 male
691 1655 755 1718 fido
771 1657 839 1718 dira
854 1663 1012 1732 canuntur,

280 1741 319 1800 lit
333 1746 486 1816 peragunt
500 1739 605 1816 partes'
619 1742 666 1802 ira
679 1740 832 1815 dolorque
846 1757 936 1804 suas=

239 1825 379 1886 Adnuite
393 1824 507 1900 optatis
523 1839 631 1884 omnes
648 1839 688 1885 ex
703 1824 812 1884 ordine
825 1825 949 1900 nostris,

280 1908 319 1968 Et
332 1924 406 1984 pars
421 1907 461 1968 sit
474 1908 539 1970 voti
553 1909 637 1968 nulla
654 1907 773 1970 caduca
786 1910 856 1974 mei.

240 1992 387 2069 Quaeque
404 2007 524 2067 precor,
547 1991 631 2052 fiant
668 1997 777 2054 utnon
791 1987 861 2054 r'nea
877 1993 966 2069 dicia,
988 1989 1114 2053 sedilia

197 2083 233 2139 90
284 2074 455 2152 Pasiphaes
471 2077 576 2151 generi
590 2076 686 2136 verba
700 2075 798 2138 luisse
812 2084 906 2154 putet.

240 2161 387 2239 Quasque
403 2176 460 2235 ego
476 2161 628 2222 transiero
644 2175 773 2237 poenas,
797 2163 929 2238 patiatur
942 2169 973 2222 et
988 2160 1065 2221 illas.

254 2299 257 2304 .
279 2243 403 2304 Plenius
418 2243 542 2319 ingenio
557 2244 597 2321 sit
610 2245 705 2305 miser
718 2244 770 2305 ille
784 2261 863 2308 meo.
1247 2301 1248 2318 ,

238 2327 323 2388 Neve
338 2328 439 2388 nunus
454 2334 587 2388 noceant
601 2327 706 2390 lictum
721 2329 895 2390 execrantia
909 2335 1021 2390 nomen
1136 2381 1138 2384 .

281 2411 372 2486 Vota,
394 2411 493 2471 minus
507 2426 636 2487 magnos
652 2420 906 2474 commoveantve
917 2413 1013 2473 deos:

197 2502 231 2557 95
241 2495 329 2557 Illum
344 2491 403 2569 ego
419 2494 569 2568 devoveo,
595 2511 685 2571 quem
699 2511 786 2558 meus
801 2497 947 2573 intelligit,
970 2495 1045 2570 lbin,

282 2578 339 2654 Qui
354 2594 390 2638 se
405 2579 463 2639 scit
476 2579 565 2641 lactis
581 2577 638 2641 has
653 2581 805 2642 meruisse
819 2597 939 2659 preces.

238 2663 328 2725 Nulla
341 2678 428 2725 mora
443 2669 490 2724 est
505 2663 536 2724 in
550 2680 609 2725 me.
642 2680 789 2741 peragam
803 2674 871 2726 rata
883 2671 957 2726 'vota
972 2661 1133 2724 sacerdos.
1246 2721 1247 2734 2

281 2747 427 2824 Quisquis
443 2749 520 2811 ades
536 2749 643 2822 sacris,
667 2765 721 2824 ore
736 2749 846 2825 favete,
868 2751 956 2810 meis.
1246 2738 1247 2755 ¹

182 2913 184 2916 Ι
240 2832 386 2909 Quisquis
401 2832 478 2894 ades
494 2835 601 2908 sacris,
624 2832 766 2908 lugubria
781 2833 873 2895 dicite
887 2833 992 2906 verba,

176 2922 228 2976 100
278 2917 316 2976 Et
330 2916 405 2978 lletu
418 2915 550 2978 madidis
564 2915 632 2978 ibin
647 2917 730 2978 adite
742 2919 846 2994 genis:
1245 2955 1246 3002 4

239 2999 481 3076 Nominibusque
495 3001 584 3063 malis
600 3000 797 3079 pedibusque
812 2999 962 3062 occurrite
976 2995 1084 3072 laevis,
1245 3005 1246 3024 ¹

281 3084 319 3145 Et
332 3085 438 3159 nigrae
453 3092 556 3148 vestes
571 3101 705 3163 corpora
717 3092 822 3147 vestra
835 3091 949 3171 tegant.

239 3170 284 3229 Tu
299 3183 432 3244 quoque,
458 3169 532 3244 quid
548 3170 669 3231 dubitas
686 3171 798 3232 lerales
814 3177 937 3232 sumere
950 3167 1066 3229 vitusa

280 3252 345 3312 lam
359 3258 427 3330 stat,
449 3260 482 3314 ut
495 3254 564 3330 ipse
577 3255 676 3326 vides,
700 3254 816 3316 funeris
831 3269 886 3315 ara
900 3253 952 3314 tui.
1244 3325 1245 3334 ἵ

178 3341 229 3395 105
239 3334 357 3411 Pompa
370 3343 478 3412 parata
491 3337 545 3398 tibi
561 3335 617 3398 est.
650 3339 732 3398 votis
747 3355 834 3402 mora
848 3337 985 3399 tristibus
1001 3331 1101 3394 arsia

281 3419 327 3480 Da
341 3419 476 3496 iugulum
491 3421 604 3496 cultris,
626 3421 729 3483 hostia
744 3423 819 3498 dira,
842 3423 928 3483 meis.

239 3501 331 3564 Terra
344 3503 397 3564 tibi
412 3505 527 3583 fruges,
550 3505 648 3566 amnis
664 3505 716 3566 tibl
732 3507 864 3582 deneget
877 3505 987 3578 undas,
