2520 4008
472 230 501 304 1,
523 229 558 304 6,
581 228 678 308 1—7·,
699 231 749 297 tt.

191 382 323 444 carcere
338 380 480 443 dicuntur
495 383 597 442 clausi.
606 397 733 458 sperare
748 389 885 466 satutem,

126 473 130 476 ’
232 463 461 542 atqueatquc
475 465 615 540 pendens
630 467 661 526 in
678 483 769 530 cruce
783 479 855 534 vota
871 474 951 534 iacit.

193 551 278 612 Haeo
292 548 458 623 decenam
473 549 585 612 multos
599 551 711 627 laqueo
728 569 786 616 sua
799 557 879 616 colia
893 558 1014 634 ligantis

141 642 179 696 eo
232 633 300 694 Non
315 639 363 694 est
374 633 539 709 proposita
552 649 647 708 passa
662 637 761 710 perire
777 647 869 699 necat

92 765 95 771 ,
193 717 243 778 Mc
258 729 383 792 qunque
397 722 559 779 conantem
573 719 676 792 gladio
691 719 779 782 finire
792 722 930 784 dolorem

230 801 353 876 Argon,
375 801 487 864 iniecta
501 802 709 880 continuitque
723 821 824 880 manu,

195 883 360 960 ‘Quid’qne
372 885 483 948 ‘facist
497 885 631 947 lacrimis
640 896 783 965 opusest
795 891 1023 968 nonsanguine’
1037 891 1125 953 dixin

232 967 334 1044 Saepe
347 985 403 1044 per
416 970 474 1031 has
488 968 571 1034 flecti
587 970 732 1048 principis
747 973 795 1037 ira
809 975 919 1039 solet!
941 991 943 994 ·

143 1060 178 1114 45
193 1051 337 1126 Quamvis
352 1061 399 1113 est
413 1053 504 1129 igitur
516 1054 632 1116 meritis
647 1053 782 1117 indebita
795 1059 919 1134 nostrie,

230 1135 342 1212 Magna
355 1144 456 1198 tamen
471 1153 546 1213 spes
561 1139 654 1199 estin
670 1139 805 1202 bonitate
821 1142 881 1202 dei.

193 1217 246 1298 Qui
261 1237 301 1282 ne
315 1221 448 1284 difficilis
464 1221 536 1282 mihi
551 1221 599 1296 sit,
621 1221 779 1299 Graecina,
803 1240 943 1306 precare,

231 1303 342 1369 Gonier
355 1318 386 1369 et
400 1310 430 1368 in
444 1312 549 1369 votum
562 1313 596 1370 tu
611 1321 736 1382 qnoque
750 1309 845 1370 verba
863 1325 973 1370 meum.
994 1353 997 1360 .

191 1392 287 1467 Inque
300 1392 458 1453 Tomitana
471 1393 589 1464 iaceam
603 1393 766 1454 tumulatus
783 1407 885 1466 arena,

142 1483 190 1536 50'
232 1474 264 1535 si
281 1481 387 1536 tenen
402 1475 566 1536 nobisista
580 1491 697 1538 vovere
709 1476 815 1551 liquet.

189 1557 264 1619 Nam
279 1559 364 1634 prius
379 1560 524 1636 incipient
537 1567 637 1621 tumes
655 1560 752 1624 vitare
768 1560 937 1635 columbae,

179 1647 182 1663 ⁸
228 1645 325 1703 Antra
339 1643 431 1720 torae,
453 1644 592 1720 pecudes
606 1643 751 1720 gramina,
770 1659 893 1720 mergus
907 1661 1014 1720 aquas,

189 1725 285 1800 Quam
300 1729 379 1796 mate
394 1743 429 1796 se
443 1734 580 1806 praestet
595 1727 689 1815 veteri
706 1727 872 1796 Graecinus
887 1729 996 1790 amico.

229 1809 296 1871 Non
307 1813 351 1886 ,ita
365 1819 436 1874 sunt
449 1812 518 1873 ictis
534 1812 635 1872 omnia
651 1826 740 1872 versa
754 1812 840 1873 meis.

551 1956 722 1966 -μ--ι-

84 2019 88 2024 ·
134 1993 177 2087 ἶ.
230 2025 543 2106 nnssncmno.

192 2109 310 2206 Littera
324 2161 381 2221 pro
395 2147 498 2206 verbis
513 2145 576 2222 tibi,
598 2147 783 2220 Messalline,
805 2149 933 2206 salutem

228 2228 323 2304 Quam
337 2230 424 2305 legis,
447 2246 465 2290 a
479 2231 583 2291 saevis
598 2231 694 2292 attulit
707 2245 806 2306 usque
821 2230 914 2290 Getis.

186 2312 303 2373 Indicat
320 2320 476 2374 auctorem
490 2317 601 2376 locust
621 2315 670 2390 an,
692 2315 752 2376 nisi
766 2313 888 2389 nomine
901 2314 990 2387 tecto,

225 2395 311 2456 Haec
325 2412 375 2458 me
387 2397 543 2459 Nasonem
557 2398 692 2460 scribere
700 2398 801 2460 uerba
815 2401 907 2460 latet?
1047 2467 1050 2470 ,

157 2479 302 2554 5quuis
316 2481 346 2540 in
363 2489 501 2544 extremo
515 2482 636 2557 positus
650 2483 731 2548 iacet
747 2482 821 2542 orbe
835 2488 964 2556 tuorum,

227 2565 276 2624 Mc
288 2573 390 2626 tamen
405 2574 545 2642 excepto,
565 2567 617 2642 qui
633 2581 744 2641 precor
757 2580 829 2626 esse
842 2571 934 2625 toust

185 2647 221 2707 Di
238 2650 345 2723 procui
359 2665 377 2709 a
393 2649 520 2722 cunctiS,
546 2651 597 2724 qui
613 2657 642 2708 te
656 2656 841 2710 venerantur
855 2653 1025 2722 cinnantque,

85 2801 92 2806 ⁸
225 2733 323 2793 Huius
338 2732 474 2794 notitiam
490 2734 589 2808 gentis
605 2733 719 2794 habere
733 2731 836 2792 velint.

186 2815 249 2876 Nos
265 2817 339 2878 satis
355 2824 404 2878 est
416 2818 495 2878 inter
508 2819 637 2892 glaciem
654 2812 879 2894 Scythicasque
894 2814 1020 2889 sagittas

133 2908 173 2960 10
227 2899 352 2961 Vivere.
386 2902 413 2962 si
427 2901 492 2962 vita
506 2910 555 2963 est
569 2901 675 2964 mortis
690 2900 832 2961 habenda
845 2913 954 2975 genus
976 2943 979 2948 ,

183 2982 247 3060 Nos
262 2993 381 3060 premat
395 2993 447 3046 aut
458 2985 541 3046 betto
557 2987 657 3059 tetius,
676 2991 729 3046 aut
743 2985 856 3060 frigam
871 2983 999 3055 caetum,

225 3069 369 3145 Truxque
384 3069 475 3130 Getes
491 3072 594 3147 armis,
616 3068 764 3146 grandine
779 3075 893 3144 pugnet
906 3067 1022 3128 hiemes

184 3151 248 3215 Nos
264 3150 376 3214 habeat
388 3153 473 3229 regio
489 3170 546 3214 nec
560 3169 657 3230 pomo
670 3154 731 3213 ieta
745 3168 802 3213 neo
816 3153 896 3226 uvis,

181 3255 182 3258 ¹
225 3236 264 3304 Et
278 3236 365 3298 euius
383 3239 617 3300 nullumoesset
631 3238 669 3307 ab
684 3237 773 3298 hoste
788 3237 878 3300 tatus.

132 3329 169 3382 15
185 3319 292 3381 Cetera
307 3323 347 3383 sit
362 3339 474 3400 sospes
490 3324 639 3402 cultorum
652 3321 741 3384 turba
754 3329 883 3395 tuorum,

221 3402 256 3464 ln
273 3406 395 3482 quibos,
418 3415 451 3469 nt
466 3407 592 3484 populo,
616 3422 689 3484 pars
705 3421 763 3480 ego
777 3421 877 3482 parva
890 3400 942 3462 tui.

182 3488 234 3550 Me
249 3489 404 3564 miseram,
422 3493 449 3552 si
465 3499 497 3553 tn
512 3491 614 3552 verbis
631 3490 796 3565 offenderis
812 3487 888 3560 istis,
