2520 4008
152 196 206 274 ‘74
292 239 293 242 κ
415 284 418 289 Α
557 209 784 270 rnlsuuun

200 373 235 430 uo
288 365 344 423 Est
358 361 443 436 data,
465 376 543 436 quae
562 368 682 436 tempus
697 375 757 436 per
773 361 868 420 breve
884 365 980 434 nupta
993 360 1058 424 luit.

210 447 212 449 ’
243 448 294 508 llli
309 445 467 519 successit,
485 446 624 520 quamvis
639 445 706 504 sine
716 444 850 504 ‘crimine
866 445 1008 519 coniunx,

289 529 357 599 Non
372 536 472 589 tamen
488 527 518 588 in
533 536 639 590 nostro
655 529 743 588 firma
756 529 856 590 lutura
870 532 950 586 toro.

249 613 373 689 Ultima,
393 626 472 688 quae
487 628 606 674 mecum
623 626 711 672 seros
730 609 897 686 permansit
910 609 941 669 in
959 619 1068 688 annos,

291 697 439 758 Sustinuit
459 697 593 756 coniunx
611 695 710 754 exulis
729 709 801 754 esse
818 693 886 752 viri.
956 722 959 728 ·

200 796 233 852 75
248 779 324 841 Filia
338 797 387 840 me
407 795 475 840 mea
488 779 536 839 bis
557 779 654 854 prima
669 777 801 839 fecunda
816 777 948 852 iuventa,

103 856 111 866 ’
292 864 355 924 Sed
372 879 434 922 non
450 878 565 922 exuno
587 861 730 937 coniuge,
747 861 818 921 lecit
834 875 932 932 avum.
1037 883 1039 888 v

170 973 172 978 ·
247 947 286 1010 Et
304 946 362 1006 iam
380 946 548 1020 complerat
565 944 683 1020 genitor
703 960 760 1004 sua
778 945 856 1017 lats,
876 957 1049 1020 novemque

288 1029 459 1090 Addiderat
474 1030 577 1090 lustris
593 1028 688 1088 altera
702 1029 798 1089 lustra
812 1041 933 1087 novem.
984 1075 994 1102 „
1084 1107 1087 1109 ‚

246 1114 314 1175 Non
333 1113 419 1172 aliter
434 1113 522 1186 ssevi,
539 1129 629 1187 quam
641 1127 690 1170 me
705 1109 832 1172 fleturus
850 1107 1024 1187 ademptum

196 1209 231 1264 so
282 1198 341 1256 llle
357 1197 420 1256 luit.
453 1196 541 1257 Matri
554 1197 694 1272 proxima
707 1195 789 1256 iusta
808 1195 871 1257 toli.

247 1279 366 1340 Felices
382 1279 471 1340 ambo
490 1280 734 1356 tempestiveque
748 1280 869 1356 sepulti,
910 1311 913 1314 ,

287 1365 368 1426 Ante
383 1362 463 1424 diem
478 1379 604 1439 poenae
615 1364 700 1440 quod
716 1363 835 1438 periere
853 1361 963 1421 maaet·

130 1458 132 1461 ’
246 1447 297 1508 llle
316 1463 441 1524 quoque
459 1449 593 1522 felicem,
613 1447 696 1522 quod
714 1463 777 1508 non
792 1445 967 1507 viventibus
983 1446 1049 1508 illis-

205 1529 209 1534 ’
226 1527 228 1534 ’
291 1531 364 1592 Sum
381 1532 489 1602 miser,
508 1533 593 1591 etde
609 1547 658 1590 rne
676 1531 761 1605 quod
778 1530 906 1592 doluere
921 1525 1003 1593 nihil.

199 1619 233 1673 85
247 1613 280 1674 Si
300 1621 400 1677 umen
420 1614 560 1678 extinctis
578 1615 692 1690 aliquid
710 1615 770 1674 nisi
787 1615 911 1674 nomina
924 1620 1027 1686 restat,

288 1698 326 1756 Et
340 1697 465 1772 gracilis
481 1705 615 1760 structos
632 1697 738 1774 effugit
754 1697 863 1760 umbra
878 1711 988 1772 rogos:

246 1781 353 1852 Fama,
373 1782 562 1856 parentales,
581 1783 607 1842 si
621 1798 679 1842 vos
697 1797 766 1842 mea
783 1781 921 1856 contigit,
940 1780 1073 1855 umbrae,
1147 1841 1149 1844 ,

286 1863 324 1924 Et
339 1869 409 1923 sunt
425 1865 456 1923 in
471 1865 579 1942 Stygio
599 1866 724 1926 crimina
740 1867 939 1939 nostratem,
1046 1867 1047 1870 ’
1115 1872 1117 1874 ’

248 1947 344 2020 Scite,
360 1957 484 2023 precor,
500 1964 656 2009 causam...
668 1964 726 2010 neo
739 1965 799 2010 vos
813 1946 885 2009 nubi
900 1947 1004 2008 fallere
1019 1948 1067 2014 fas
1089 1956 1176 2010 est...

196 2037 233 2114 oo
285 2030 427 2090 Errorem
444 2031 561 2107 iussae,
577 2048 638 2093 non
657 2034 775 2106 scelus,
792 2048 863 2094 esse
878 2033 978 2106 fugae.

245 2113 386 2175 Manibus
403 2113 463 2175 hoc
478 2115 553 2176 satis
568 2123 624 2176 est
662 2117 791 2194 advos,
811 2114 966 2190 studiosa,
986 2123 1131 2192 revertor,

286 2195 427 2273 Pectora,
450 2201 502 2275 qui
523 2199 602 2260 vitae
619 2201 765 2276 quaeritis
784 2205 852 2260 actu
870 2213 966 2258 meae.

246 2279 310 2338 Iam
324 2281 396 2340 mihi
411 2283 536 2342 canities
553 2284 652 2359 pulsis
667 2283 845 2345 melioribus
865 2282 958 2346 annis

287 2362 436 2439 Venerat,
456 2367 597 2440 antiquas
616 2367 842 2444 miscueratque
863 2381 977 2442 comas

196 2445 230 2500 95
244 2443 379 2520 Postque
396 2463 483 2508 meos
501 2456 585 2509 ortus
601 2450 711 2524 Pisaea
725 2451 847 2512 vinctus
865 2449 947 2510 oliva
1043 2482 1046 2486 ,

160 2609 162 2612 .
283 2527 460 2612 Abstulerat
478 2531 582 2592 decies
597 2535 733 2609 praemia
752 2534 851 2594 victor
865 2549 972 2609 equus,

244 2609 317 2670 Cum
334 2612 426 2673 maris
441 2613 551 2676 Euxini
568 2617 689 2691 positos
707 2619 747 2678 ad
762 2619 851 2678 laeve
865 2617 998 2678 Tomitas
1042 2655 1044 2660 -

284 2693 435 2768 Quaerere
448 2714 498 2759 me
513 2700 590 2760 laesi
603 2701 751 2776 principis
766 2701 812 2762 ira
826 2701 918 2762 iubet.

243 2775 342 2838 Causa
356 2797 445 2842 meae
460 2784 575 2844 cunctis
591 2785 716 2845 nimium
732 2787 857 2860 quoque
875 2789 948 2846 nota
964 2783 1071 2843 ruinae

180 2863 232 2920 100
282 2861 398 2922 Indicio
413 2879 474 2923 non
490 2873 537 2925 est
549 2868 742 2928 testificanda
758 2883 838 2930 meo.
912 2861 916 2866 ”’

243 2941 322 3014 Quid
332 2944 465 3006 referam
474 2946 679 3026 comitumque
692 2953 780 3013 nefas
796 2951 989 3026 famulosque
1000 2953 1174 3011 nocentesl

283 3022 356 3100 Ipsa
371 3028 464 3089 multa
477 3032 530 3092 tuli
545 3047 606 3092 non
622 3034 738 3094 leviora
754 3035 835 3110 luga.
964 3093 981 3106 ,.

165 3153 167 3157 .
241 3105 400 3184 Indignata
413 3113 501 3174 malis
519 3129 605 3176 mens
623 3124 672 3176 est
684 3117 899 3191 succumbere,
915 3131 1010 3190 seque

282 3189 433 3256 Praestitit
448 3195 590 3258 invictam
604 3200 719 3260 viribus
734 3218 793 3263 usa
807 3201 886 3262 suis.

179 3277 228 3332 105
242 3271 421 3352 oblitusque
434 3281 493 3340 mei
509 3281 681 3358 ductaeque
696 3301 752 3360 per
766 3285 829 3346 otia
843 3284 935 3357 vitae,
973 3325 974 3330 η
1040 3325 1054 3340 a
1077 3277 1079 3281 ’

281 3357 407 3419 insolita
425 3364 492 3436 cepi
506 3367 654 3440 temporis
673 3381 758 3428 anna
770 3385 874 3430 manu.
1027 3427 1030 3430 ,

238 3439 357 3516 Totque
370 3444 424 3503 tuli
443 3460 534 3506 casus
557 3449 729 3524 pelagoque
744 3456 902 3526 terraque,
919 3457 995 3525 quot
1011 3447 1091 3508 inter
