2524 4004
98 137 205 222 tue
293 111 345 180 V
443 143 455 168 ²
545 123 774 213 exesura

262 305 438 368 lummites
454 302 563 362 Graios
578 301 693 366 indicet
707 315 779 362 esse
792 299 890 361 viros.

225 393 307 454 Gens
322 403 392 448 mea
404 386 522 461 Peligni
534 386 683 462 regioque
697 383 869 450 domestica
885 379 995 446 Sulmox

180 487 217 542 eu
265 474 333 534 Nau
347 471 446 548 puerit
459 470 572 534 uostris
587 470 685 530 leuior·
698 479 771 530 esse
785 468 883 529 malis.

227 559 323 634 Quem
337 557 392 616 viu
404 554 549 616 iueuluuui
564 554 707 630 cuiquam
722 552 872 627 salvoque
885 549 1003 614 daretis

258 641 301 716 tls,
313 641 405 701 rietus
418 645 440 698 'a
451 638 542 700 vobis
556 644 607 698 est
619 636 693 696 milri
707 650 806 712 nuper
819 635 928 698 honor.
1080 705 1082 708 .

228 725 321 788 Solus
336 721 437 784 adhue
451 736 510 798 ego
526 737 595 782 sum
612 721 724 782 vestris
739 719 874 786 inmunis,
885 720 916 780 iu
931 720 1003 794 eris

268 804 425 884 Exceptis,
446 805 527 880 siqui
540 803 759 878 munerelegis
775 803 898 864 habent.
1076 803 1086 812 ”

106 913 110 918 ·
182 903 217 957 55
228 893 384 968 Tempore
391 897 515 952 saerata
527 904 597 949 mea
612 895 683 950 suut
698 888 797 954 velata
812 901 935 962 eureus,

269 975 413 1037 murreus
426 973 522 1034 iuvita
538 988 630 1048 quam
642 972 733 1035 lavor
746 971 892 1046 inposuit.
1013 1005 1018 1013 ι

229 1061 324 1134 Quam
339 1064 427 1134 gruta
439 1063 489 1118 est
501 1056 593 1132 igitur
603 1055 741 1118 Latonae
755 1055 955 1128 Deliatellus,

144 1187 147 1195 ι
261 1141 389 1206 Errasti
402 1147 499 1204 tutum
514 1155 595 1216 quae
605 1139 695 1200 'dedit
707 1153 769 1201 una
783 1140 893 1214 losum,

136 1225 137 1233 ’
228 1229 302 1288 Tam
317 1225 390 1287 mihi
406 1241 478 1286 aare
492 1224 604 1286 Tomis.
638 1222 738 1298 petria
754 1239 835 1299 quae
849 1221 925 1283 se'de
939 1221 1050 1298 lugetis

184 1318 220 1372 60
270 1309 405 1386 Tempus
420 1309 463 1370 ad
475 1308 536 1370 hue
547 1305 639 1370 nubis
657 1306 781 1382 hospita
794 1307 858 1368 tide
871 1313 982 1366 manet.

231 1395 268 1454 Di
282 1394 380 1456 uado*
393 1394 548 1466 fecissent,
571 1390 713 1468 placidae
728 1403 816 1467 spem
830 1396 939 1466 posset
953 1388 1068 1450 habere

261 1477 369 1550 lueis,
389 1483 419 1538 et
432 1494 453 1536 a
464 1475 569 1552 gelida
585 1476 707 1550 turgius
722 1490 781 1536 exe
796 1475 884 1536 ieret.

151 1660 218 1759 tt.
274 1653 658 1756 srxroruurum.

233 1770 343 1888 Siquis
357 1809 458 1872 adhue
472 1827 604 1886 usquam
619 1812 716 1874 riustri
730 1823 792 1872 non
806 1809 954 1873 inmemor
969 1808 1062 1881 extet,

276 1895 395 1970 Quidve
407 1897 561 1971 relegatus
576 1894 672 1968 Nasu,
692 1893 827 1969 requirit,
848 1907 953 1968 agema
1077 1953 1078 1956 ,

234 1978 418 2040 Caesaribus
430 1980 534 2051 vitatu,
553 1977 649 2040 Sexta
663 1977 778 2043 debere
792 1977 922 2038 salutem

273 2061 324 2124 Me
340 2063 426 2123 suist.
459 2079 478 2122 a
492 2063 616 2138 superis
631 2061 681 2124 trie
695 2061 769 2124 mitri
782 2062 901 2138 primus
916 2059 981 2122 erit.

207 2148 388 2222 eTempura
402 2162 473 2208 usar
488 2147 620 2208 miserae
635 2144 822 2226 cumulentur
835 2151 868 2208 ut
882 2143 984 2207 amnia
998 2143 1088 2215 vitae,

77 2272 86 2290 ‚
171 2291 176 2294 ,,
274 2231 304 2290 Α
318 2231 433 2291 meritis
448 2231 515 2293 eius
531 2239 604 2306 pars
620 2229 693 2292 miiu
708 2230 904 2292 uullevauat.

235 2315 320 2388 Quae
334 2323 462 2376 numeru
476 2321 522 2376 tet
537 2320 618 2389 sunt,
640 2320 717 2389 quet
730 2314 761 2376 iu
776 2313 865 2375 herto
881 2312 987 2372 fertilis
1001 2311 1067 2370 arvi

275 2397 390 2457 Punica
405 2396 463 2460 sub
478 2399 562 2458 lento
577 2395 934 2474 commensuratam,
1017 2415 1023 2430 .

234 2477 341 2540 Africa
355 2487 432 2556 quet
447 2487 581 2556 segetes,
604 2487 678 2558 quet
691 2482 809 2544 Tmolia
823 2488 905 2542 terra
919 2493 1069 2551 racemus,

190 2575 226 2628 10
278 2563 357 2639 Quat
372 2563 489 2642 Sicyon
503 2565 608 2638 bueus,
630 2572 706 2640 quet
720 2566 800 2640 parit
812 2563 915 2642 Hybla
928 2564 1027 2636 fares.

236 2647 400 2711 Confiteor.
431 2655 545 2710 testere
559 2650 640 2712 lieet
675 2650 795 2724 signate
810 2648 956 2723 Quirites:

153 2781 154 2786 ,
275 2731 323 2793 Nil
337 2748 417 2809 opus
432 2737 481 2796 est
494 2732 597 2808 legum
610 2733 738 2808 viribus,
759 2735 829 2810 ipse
843 2732 970 2808 loquum

234 2815 317 2876 luter
329 2831 407 2892 opes
423 2822 453 2878 et
466 2833 524 2891 me,
544 2832 610 2880 rem
624 2833 762 2893 parvam,
786 2822 1043 2893 persultemus:

275 2897 348 2959 Pars
364 2915 424 2975 egow
438 2900 497 2962 sim
511 2915 625 2966 seusus
640 2899 920 2978 quantulacumque
933 2898 987 2959 tui

141 3020 144 3038 .
190 2987 224 3043 15
236 2981 333 3057 Quam
346 2987 401 3044 tua
413 2981 569 3048 Trinacria
584 2991 640 3061 est,
661 2992 854 3061 regnataque
867 2989 950 3050 terra
962 2980 1114 3056 Philippu,

276 3065 375 3139 Quam·
388 3067 499 3132 demus
512 3069 655 3144 Auguste
671 3069 847 3133 uantleuata
861 3067 939 3140 lara,

233 3149 404 3225 Quamtua,
426 3169 481 3216 rus
494 3153 595 3218 ,oeulis
610 3153 736 3234 damini,
759 3151 937 3227 tmeseia,
954 3153 1083 3224 graturm

277 3235 424 3310 Quasque
439 3236 547 3298 relius
559 3237 622 3311 titi,
645 3236 748 3310 Sexte,
770 3237 941 3310 retempta
958 3241 1061 3292 terres:
1137 3243 1138 3246 ’

163 3377 165 3383 .
234 3317 309 3378 Tam
323 3324 393 3380 tuus
409 3333 448 3381 eu
462 3333 521 3394 ego
537 3331 614 3393 suut,
638 3319 726 3383 euius
739 3327 770 3382 te
783 3334 910 3382 munere
924 3316 1003 3378 tristi

188 3405 225 3458 20
274 3399 342 3458 Non
359 3407 451 3474 potes
463 3399 495 3462 iu
509 3399 607 3468 Poeta
623 3403 726 3464 disere
740 3401 955 3474 hebereuilrit

193 3513 195 3518 .
235 3486 341 3556 Atque
353 3482 468 3544 utinam
481 3484 598 3560 passis,
618 3491 649 3548 et
662 3485 751 3550 rietur
765 3486 892 3548 amicius
908 3499 1027 3555 arvum,
