2520 4012
288 1004 489 1090 rursuun
510 1005 636 1088 nunu
655 1004 820 1090 nunus.

53 1279 88 1374 1·
105 1275 227 1383 Parve,
243 1323 300 1372 nee
314 1307 455 1382 invideo,
471 1308 541 1368 sine
553 1322 617 1381 me,
634 1299 724 1382 liber,
739 1306 798 1368 ibls
814 1306 844 1367 in
858 1305 981 1370 Urbem.

149 1394 185 1453 Ei
201 1393 289 1465 mihi,
307 1391 392 1467 quod
407 1392 531 1451 domino
546 1407 607 1452 non
623 1391 694 1450 licet
708 1390 752 1450 ire
766 1398 835 1452 tuot

108 1478 213 1549 Vade,
230 1476 287 1555 sed
302 1475 449 1550 incultus,
466 1475 587 1550 qualem
601 1475 690 1535 decet
704 1475 803 1535 exulis
819 1489 901 1536 esset

10 1609 11 1640 q
151 1561 261 1620 Infelix
275 1558 412 1619 habitum
425 1559 573 1635 temporis
588 1557 678 1618 huius
691 1558 780 1618 habe.
798 1585 807 1598 =

10 1647 11 1722 i
59 1655 65 1660 '
81 1645 171 1705 tNec
185 1653 215 1705 te
227 1657 381 1720 purpureo
392 1644 495 1702 velent
509 1642 647 1702 vaccinia
660 1643 731 1703 luco
741 1665 763 1698 2·

10 1725 11 1794 l
152 1728 220 1787 Non
236 1733 284 1788 est
297 1727 484 1787 conveniens
497 1726 629 1786 luctibus
645 1726 695 1786 ille
709 1727 810 1786 colom

111 1811 173 1870 Nec
188 1811 293 1872 titulus
307 1809 415 1886 minio,
430 1825 488 1870 neo
503 1811 597 1872 cedro
610 1809 715 1870 charta
729 1817 858 1883 notetur,
880 1825 882 1832 ⁴

153 1893 289 1956 Candide
302 1909 359 1953 neo
373 1894 460 1969 nigra
475 1909 590 1956 cornua
605 1896 703 1955 lronte
718 1909 808 1970 geras

110 1977 228 2038 Felices
241 1984 348 2040 ornent
358 1977 435 2038 haee
450 1978 647 2039 instrumenta
661 1978 791 2040 libellos.

11 2059 13 2140 l
64 2071 94 2123 10
151 2059 302 2122 Fortunae
316 2077 480 2122 memorem
495 2069 525 2124 te
541 2062 629 2123 decet
643 2079 714 2122 esse
727 2077 824 2122 meae.

109 2144 173 2204 Nec
188 2145 289 2220 snagin
302 2145 440 2219 geminae
455 2147 608 2221 poliantur
619 2147 741 2222 pumice
753 2148 878 2218 frontes,

54 2274 57 2283 .
151 2227 297 2289 Hirsutus
310 2229 427 2304 sparsis
441 2237 475 2290 ut
487 2229 615 2290 videare
630 2231 736 2290 comis.

108 2311 191 2372 Neve
205 2312 363 2374 liturarum
378 2313 503 2389 pudeat
539 2313 591 2389 qui
606 2313 717 2374 viderit
730 2313 807 2386 illus,
874 2384 879 2390 ‚

126 2421 130 2424 ·
151 2395 197 2456 lie
211 2396 344 2456 lacrimis
359 2397 456 2457 iectus
472 2397 582 2457 sentiet
596 2413 668 2458 esse
681 2397 767 2458 meis.
925 2405 929 2414 ’

65 2485 95 2540 15
109 2479 212 2554 Vade,
228 2479 319 2553 liber,
334 2481 503 2557 verbisque
515 2481 593 2542 meis
608 2483 677 2542 locu
687 2488 773 2558 grata
788 2481 901 2540 salutar

151 2561 331 2638 Contingam
344 2569 427 2624 certe
442 2581 504 2640 quo
518 2566 589 2626 licet
602 2565 653 2625 illa
666 2566 757 2642 pede.

111 2644 143 2706 si
159 2647 242 2721 quis,
258 2648 333 2707 utin
350 2648 482 2724 populo,
499 2649 595 2709 nostri
609 2665 671 2708 non
685 2651 835 2708 inmemor
849 2653 940 2721 extat,

154 2728 286 2804 Siquis,
303 2732 370 2806 qui,
389 2732 463 2808 quid
477 2747 582 2808 egent,
598 2733 676 2792 lorte
689 2731 837 2806 requiret,
854 2729 924 2788 erit:
974 2783 989 2818 χ

110 2812 225 2872 Vivere
240 2829 287 2873 me
302 2815 403 2889 dices,
420 2816 540 2875 salvum
553 2821 654 2875 tamen
670 2827 741 2874 esse
755 2811 898 2886 negabist
942 2839 946 2846 2

63 2903 95 2956 lo
149 2894 186 2954 Id
202 2911 339 2972 quoque,
356 2899 439 2974 quod
454 2899 571 2973 vivum,
586 2915 697 2959 munus
712 2895 826 2956 hebere
837 2895 897 2954 dol.

110 2977 214 3054 Atque
228 2978 268 3040 itu
282 2988 312 3042 te
325 2981 435 3042 tacitus
452 2983 609 3058 quaerenti
623 2983 712 3057 plura
725 2979 895 3055 legendun,

151 3061 211 3134 Ne,
229 3065 313 3140 quod
328 3081 389 3125 non
406 3081 486 3141 opus
502 3072 563 3140 est,
580 3066 658 3126 lorte
672 3067 813 3141 loquare,
829 3062 928 3124 dabis.

72 3150 85 3159 ”
108 3143 248 3208 Protinus
264 3148 439 3209 admonitus
454 3156 572 3224 repetet
584 3165 653 3209 meu
668 3149 794 3208 crimine
808 3147 911 3223 lector,

150 3229 188 3289 Et
202 3246 335 3307 pereger
350 3233 457 3308 populi
470 3232 614 3308 publicus
629 3249 683 3293 ore
696 3247 779 3293 reus.

63 3319 95 3372 25
109 3308 151 3370 Tu
167 3318 243 3374 cave
255 3315 424 3392 delardus,
440 3317 582 3392 quamvis
595 3315 777 3377 mordebere
792 3314 895 3375 diotisz

13 3453 14 3476 q
152 3395 251 3458 Causa
264 3401 436 3475 patrocinio
447 3416 509 3460 non
523 3400 606 3461 bona
620 3400 708 3476 peior
721 3400 785 3460 erit.

13 3503 14 3508 κ
106 3478 250 3624 Inverffits
266 3484 416 3559 aliquem,
434 3485 486 3561 qui
500 3500 549 3544 me
563 3485 698 3560 suspiret
712 3484 895 3558 ademptum,

87 3572 168 3620 ovm.
233 3608 241 3623 .
834 3575 849 3625 1
