2520 4012
105 152 109 161 '
152 187 197 272 ‚ru
555 184 784 276 rnrsrruu

237 357 302 420 iam
319 357 401 418 feror
415 355 451 420 in.
462 369 598 430 pugnas,
614 361 644 414 et
658 355 796 416 nondum
813 367 929 414 cornua
944 353 1073 430 sumpsi,

281 439 345 500 Nec
361 438 434 502 mihi
454 439 595 499 sumendi
614 453 708 499 causa
724 437 764 499 sit
779 435 856 513 ulla,
872 435 974 496 velim.

137 525 138 528 ’
239 523 344 584 Circus
360 522 459 583 adhuc
474 529 586 582 cessat
623 519 739 598 Spargit
753 529 855 582 tarnen
870 535 941 582 acer
960 535 1083 580 arenam

186 614 222 669 30
272 607 407 682 Taurus,
426 614 456 667 et
472 606 583 666 infesto
594 607 661 666 iam
678 607 758 683 pede
774 604 877 680 pulsat
892 604 1028 666 hunnum.

237 689 303 752 Hoc
315 704 448 765 quoque,
457 690 648 766 quamvciui,
660 693 794 766 plusest.
808 702 893 763 cane,
903 687 1000 760 Musa,
1012 693 1175 762 receptae,

279 775 359 834 Dum
377 773 447 833 licet
461 773 533 833 huic
548 788 659 834 nomen
677 771 870 834 dissimulare
885 787 995 832 suum.¹

157 905 228 1008 10
246 907 305 1002 lile
320 957 378 1017 ego
395 943 447 1018 qui
461 941 583 1018 fuerim,
603 949 776 1002 tenerorum
794 942 882 1002 lusor
895 935 1042 1014 amorum,

280 1025 376 1099 Quem
390 1025 483 1106 legis,
500 1032 534 1085 ut
547 1025 631 1086 noris
638 1025 771 1101 ‚accipe
786 1027 961 1100 posteritas.

239 1109 343 1170 Sulmo
361 1108 434 1185 mibi
449 1109 548 1182 patria
562 1115 630 1168 est
615 1103 751 1183 ,gelidis
766 1109 936 1170 uberrimus
954 1108 1053 1184 undis,

278 1191 362 1252 Milia
379 1191 431 1266 qui
448 1191 556 1252 novies
573 1153 664 1252 distat
679 1192 717 1250 ab
733 1191 816 1253 Urbe
831 1194 947 1252 decern

209 1275 348 1336 5Editus
364 1275 436 1335 hinc
452 1290 509 1350 ego
526 1292 611 1350 sum,
628 1291 685 1336 nec
703 1291 765 1335 non
783 1283 817 1337 ut
832 1283 971 1354 tempora
988 1275 1082 1352 nonio,

280 1359 355 1419 Cum
373 1359 482 1420 cecidit
497 1360 559 1418 fato
576 1361 684 1418 consul
697 1365 827 1434 uterque
842 1361 923 1436 pari:

239 1441 272 1502 Si
289 1442 363 1517 quid
379 1442 412 1501 id
429 1448 490 1516 est,
510 1458 611 1516 usque
626 1458 645 1500 a
662 1443 787 1516 proavis
803 1449 891 1504 vetus
911 1444 1027 1504 ordinis
1043 1443 1149 1520 heres,

278 1526 345 1584 Nou
360 1524 454 1585 modo
470 1525 608 1586 fortunae
624 1533 749 1602 munere
766 1527 865 1587 iaetus
882 1542 987 1600 eques.

238 1607 300 1668 Nec
315 1609 408 1684 stirps
424 1607 521 1683 prima
536 1609 588 1668 ici.
625 1609 728 1684 genito
747 1625 815 1670 surn
829 1610 921 1669 fratre
938 1611 1068 1686 creatus,

188 1703 223 1756 10
279 1691 335 1765 Qui
350 1691 448 1753 tribus
462 1699 532 1752 ante
547 1698 654 1767 quater
668 1691 825 1752 mansibus
842 1699 926 1754 ortus
940 1699 1014 1754 crat.

237 1775 360 1836 Lucifer
375 1775 531 1836 amborum
547 1776 700 1836 natalibus
715 1775 802 1836 affuit
813 1775 910 1836 idern:

133 1863 135 1868 ’
169 1897 171 1901 ,
262 1858 347 1918 -Una
363 1858 516 1920 celebrata
530 1865 578 1918 cst
590 1874 647 1934 per
661 1860 722 1936 duo
736 1859 799 1920 liba
813 1860 890 1920 dies.

237 1939 322 2000 Haeo
337 1948 384 2001 est
399 1941 559 2002 armiferae
573 1943 661 2003 sestis
680 1944 719 2004 de
735 1943 869 2018 quinque
884 1943 1049 2019 Minervae,

79 2096 83 2102 ,
280 2021 365 2098 Quae
379 2025 445 2086 fieri
461 2041 565 2101 pugna
580 2027 679 2101 prima
692 2032 818 2090 cruenta
832 2028 919 2087 solet.
1012 2077 1014 2083 a

189 2111 222 2169 15
234 2106 378 2168 Protinus
392 2109 560 2168 excolimur
574 2111 684 2184 teneri,
699 2119 835 2184 curaque
851 2109 985 2186 parentis

278 2191 361 2252 Irnus
378 2193 419 2252 ad
434 2192 569 2266 insignes
585 2193 677 2254 Urbis
698 2194 735 2253 ab
751 2201 817 2254 arte
831 2195 924 2254 viros.

238 2273 344 2335 Frater
359 2274 400 2334 ad
412 2275 573 2349 eloquium
582 2277 673 2336 viridi
687 2275 832 2337 tendebat
847 2277 885 2336 ab
905 2291 994 2352 aevo,

278 2355 382 2416 Fortia
396 2357 520 2416 verbosi
537 2365 627 2420 natus
642 2360 683 2420 ad
698 2361 864 2421 armaion.

237 2438 279 2498 At
293 2438 365 2498 mihi
382 2438 442 2498 ianr
457 2456 554 2516 puero
572 2443 716 2502 caelestia
733 2459 821 2504 sacro
836 2443 1007 2519 placebant,

186 2525 224 2580 20
278 2523 373 2598 Inque
393 2537 482 2584 suurn
495 2525 596 2584 furtim
610 2524 699 2586 Musa
718 2527 856 2588 trahebat
870 2543 959 2602 opus.

240 2603 342 2680 Saepe
357 2609 444 2680 pater
458 2606 533 2667 dixit
548 2607 700 2671 ‘Studium
716 2610 790 2685 quid
804 2610 908 2671 inutile
921 2615 1074 2686 temptas?

279 2685 458 2749 Maeonides
473 2691 596 2751 nullas
588 2709 657 2768 ipse
671 2693 793 2768 reliquit
808 2698 906 2770 opes.’

110 2813 115 2822 .
162 2771 163 2776 ’
237 2770 339 2833 Motus
352 2783 438 2840 eram
453 2773 541 2836 dictis
548 2781 696 2853 ,totoque
710 2775 856 2838 Helicone
870 2777 974 2838 relicto

278 2855 419 2927 Scribere
434 2858 569 2918 conabar
583 2859 678 2919 verba
693 2861 794 2921 soluta
803 2861 914 2921 modis.

187 2937 222 2992 25
238 2936 355 3011 Sponte
368 2953 424 2996 sua
439 2953 561 3000 carmen
576 2957 718 3003 numeros
733 2943 875 3003 veniebat
889 2943 928 3002 ad
944 2950 1043 3019 aptos,

277 3019 316 3078 Et
330 3021 414 3094 quod
429 3023 614 3097 temptabam
628 3025 746 3099 dicere,
762 3028 871 3087 'versus
887 3033 961 3085 erat

237 3102 356 3162 Interea
368 3103 459 3165 tacito
474 3122 572 3180 passu
586 3107 758 3171 labentibus
773 3111 861 3170 annis

275 3184 413 3247 Liberior
427 3187 510 3248 fratri
525 3197 647 3266 sumpta
662 3192 796 3267 mihique
809 3198 882 3268 toga
893 3197 949 3265 est,

152 3302 153 3307 κ
237 3267 435 3343 induiturque
450 3269 583 3333 humeris
598 3289 668 3333 curn
682 3276 743 3336 lato
759 3275 1005 3352 purpurantem,

186 3353 223 3412 80
276 3349 315 3410 Et
329 3352 460 3412 studium
473 3354 563 3415 nobis
579 3357 663 3433 quod
678 3357 831 3432 scitante,
846 3364 956 3418 manet

236 3433 364 3510 iamque
378 3434 484 3498 decern
498 3437 577 3498 vitoe
591 3441 649 3500 frat
637 3445 683 3499 ter
697 3442 904 3516 geminaverat
921 3453 1029 3517 annos,
