2520 4012
164 211 206 276 42
256 169 259 182 ’
563 203 786 268 rarsrruru

247 363 388 440 Aspicis,
402 367 435 422 ut
448 375 566 422 summa
581 365 686 419 cortex
700 358 777 418 levis
789 358 903 418 innatet
917 357 1010 434 unda,

289 445 362 507 Cum
377 460 471 521 grapa
485 459 565 504 nexa
580 444 668 504 simul
682 442 758 503 retia
771 449 888 516 mergat
902 458 992 504 onus.

243 531 327 591 Haec
342 544 401 605 ego
419 529 445 589 si
459 527 589 594 monitor
602 527 733 586 monitus
748 525 834 600 prius
849 525 917 604 ipse
931 525 1069 600 fuissem,

282 615 317 674 ln
333 628 394 690 qua
409 611 558 677 debebam
571 612 697 672 forsitan
711 608 794 670 Urbe
808 609 914 669 iorem.

150 757 159 766 ,
198 709 231 762 15
245 699 324 760 Dum
338 705 438 759 tecum
452 696 524 769 vixi,
540 695 612 755 dum
627 709 676 754 me
690 693 766 752 levis
781 709 856 752 eura
870 693 995 768 ferebat,

281 783 365 844 Haec
379 796 447 840 mee
461 795 518 855 per
531 778 669 853 placidas
685 775 794 836 cumba
808 776 941 837 cucurrit
955 793 1063 852 aquus.

248 865 305 939 Qui
320 863 401 924 cadit
414 863 443 922 in
459 863 582 936 planu..
593 861 646 920 vix
660 859 720 921 hoo
734 867 833 922 tamen
849 860 951 921 evenit
964 861 1096 936 ipsum...

288 947 340 1008 Sic
356 945 446 1019 cudit,
460 952 586 1005 utiocto
600 944 730 1018 surgere
742 943 842 1017 possit
855 942 957 1003 humo.

246 1034 287 1090 At
300 1030 393 1090 miser
406 1029 542 1105 Elpenor
554 1034 635 1088 tecto
650 1027 797 1100 delapsus
812 1026 851 1087 ab
866 1028 927 1087 ulto

196 1125 232 1176 2⁰
287 1113 425 1174 Occurrit
438 1112 503 1187 regi
518 1111 627 1172 debilis
641 1110 749 1170 umbro
763 1125 831 1171 suo.

246 1196 323 1272 Quid
338 1195 401 1270 luit,
417 1199 545 1256 uttulus
561 1193 688 1269 agitaret
700 1193 857 1254 Daedalus
872 1194 947 1267 alas,
1018 1251 1022 1258 .

286 1281 389 1339 locrus
405 1280 561 1339 inmensas
575 1277 697 1338 nomine
711 1277 813 1351 signet
827 1282 946 1353 aquosl

244 1362 360 1437 Nempe
376 1363 459 1438 quod
473 1362 523 1422 hic
537 1363 605 1436 alte,
621 1357 786 1420 demissius
800 1361 852 1420 ille
866 1359 999 1423 volabat.

283 1447 359 1506 Nom
374 1461 492 1522 pennas
506 1445 596 1506 ambo
611 1461 672 1504 non
687 1443 822 1503 habuere
837 1459 920 1504 suas.

195 1538 229 1592 25
244 1530 341 1591 Crede
354 1528 436 1604 milri,
451 1529 529 1589 bene
544 1527 595 1604 qui
609 1529 695 1588 latuit
708 1528 787 1588 bene
800 1527 884 1603 vixit,
900 1533 930 1587 et
944 1528 1022 1588 iutro

198 1657 200 1660 -
284 1611 448 1674 Fortunam
464 1611 555 1672 debet
569 1611 702 1688 qrrisque
715 1625 838 1672 munere
853 1625 950 1672 suem·

244 1695 311 1756 Non
325 1696 404 1757 ioret
415 1695 568 1756 Eumedes
584 1696 687 1769 orbus,
702 1695 730 1754 si
744 1695 825 1754 iilius
840 1695 906 1755 eius

287 1778 402 1840 Stultus
417 1778 573 1840 Achilleos
589 1794 651 1839 non
666 1778 840 1840 adamasset
854 1793 967 1853 equos:

245 1863 307 1921 Nec
321 1869 424 1924 nutum
438 1863 469 1922 in
484 1861 606 1923 ilammn
619 1861 757 1936 vidisset,
772 1863 803 1921 in
818 1861 927 1924 arbore
941 1865 1036 1937 natas,

171 2015 172 2022 ,
195 1953 230 2010 30
285 1945 424 2021 cepisset
437 1946 557 2022 genitor
571 1947 597 2006 si
612 1945 808 2019 Phaethonta,
821 1945 956 2022 Merops.

244 2031 289 2089 Tu
304 2045 429 2104 quoque
443 2029 573 2089 formida
586 2029 710 2090 nimium
724 2029 863 2090 sublimia
878 2043 1008 2106 semper,

285 2111 508 2186 Propositiquc,
525 2127 645 2187 precor,
661 2111 807 2172 contrahe
820 2114 890 2171 vela
903 2113 956 2174 tui.

244 2193 317 2253 Nom
332 2195 413 2269 pede
426 2195 578 2256 inoffenso
595 2195 727 2270 spatium
741 2196 904 2256 decurrere
918 2195 999 2256 vitoe

284 2277 400 2352 Dignus
415 2285 494 2339 eset
509 2280 571 2339 lato
587 2279 763 2339 candidiore
778 2279 846 2339 irui.

193 2369 227 2424 35
243 2361 327 2434 Quae
341 2374 397 2434 pro
412 2367 442 2420 te
456 2368 489 2421 ut
501 2377 641 2436 voveam,
657 2361 719 2421 mili
734 2362 845 2436 pietate
859 2363 986 2422 mereris

282 2442 484 2517 Hoesuruque
498 2444 560 2504 lide
574 2452 694 2519 tempus
708 2445 739 2504 in
755 2460 844 2505 omne
856 2445 938 2506 mihi.

242 2525 315 2585 Vidi
328 2541 386 2600 ego
400 2531 431 2585 te
443 2528 496 2587 tali
509 2528 594 2588 vultu
608 2543 676 2588 mea
690 2528 751 2588 lata
764 2536 943 2604 gementem,

284 2608 407 2682 Qualem
423 2610 568 2671 credibile
582 2618 629 2671 cst
643 2626 696 2671 ore
710 2612 807 2672 luisse
820 2627 900 2673 meo.

241 2691 351 2753 Nostra
365 2697 433 2752 tuas
450 2693 511 2752 vidi
526 2695 666 2754 lacrimas
681 2709 776 2770 super
791 2709 846 2755 ore
860 2695 1014 2769 cadentes,

160 2827 161 2832 ,
192 2779 228 2832 40
281 2776 431 2851 Tempore
446 2793 524 2852 quas
539 2794 601 2838 uno
616 2779 740 2854 fidaque
753 2778 849 2839 verba
862 2777 934 2838 bibi.

240 2858 326 2918 Nunc
341 2875 465 2935 quoque
480 2868 662 2922 summotum
676 2862 778 2922 studio
794 2861 933 2922 delendis
949 2862 1088 2938 amicum,

279 2941 317 3000 m
330 2942 409 3000 mula
424 2943 477 3001 vix
491 2943 553 3003 ulla
568 2951 655 3019 porte
668 2945 800 3006 levanda
813 2946 909 3005 levas.
949 3001 950 3004 ,

240 3025 319 3083 Vive
333 3025 400 3083 sine
415 3025 537 3098 invidia,
553 3027 725 3103 mollesque
739 3027 888 3102 inglorius
903 3043 1002 3088 annos

279 3105 385 3181 Exige,
401 3109 547 3170 amicitias
564 3119 593 3172 et
606 3111 659 3170 tibi
674 3112 766 3185 iunge
781 3127 882 3185 pares,

188 3197 223 3252 45
236 3189 433 3266 Nasonisque
446 3193 498 3267 tui,
515 3195 598 3269 quod
614 3194 715 3257 adhuc
730 3211 793 3255 non
809 3196 913 3255 exulat
925 3210 1029 3266 unum,

278 3271 394 3334 Nomen
410 3290 492 3335 arnna
515 3275 679 3356 Scythicus
694 3285 795 3338 celem
808 3275 923 3338 Pontus
938 3276 1040 3338 hobel.

236 3355 378 3418 Proxima
391 3358 543 3420 sideribus
558 3363 648 3422 tellus
662 3361 902 3440 Erymanthidos
916 3375 1010 3424 ursae

276 3439 326 3498 Me
339 3446 430 3516 tonet,
449 3443 592 3506 adstricto
608 3451 688 3505 terra
702 3450 829 3520 perusta
843 3445 924 3520 gelu.
1012 3503 1014 3508 ,
