2454 4004
492 274 522 317 v.
544 259 699 322 32-107.

128 432 163 487 10
175 417 310 480 Adtollal
324 418 415 488 eaput
431 409 560 485 etvulgi
575 425 610 470 se
625 411 763 472 venditet
777 417 891 472 auraet

177 503 306 564 Celsave
324 513 392 557 curn
408 509 500 554 caeso
517 494 700 555 decorantur
713 503 799 571 terga
813 497 912 568 leone,

177 587 272 660 Quam
287 579 421 642 tumidus
439 582 615 653 quantoque
630 580 714 640 venit
728 577 905 656 spectabilis
921 583 999 650 actu,

178 667 405 742 conpiscotqnc
420 663 521 724 solum
534 675 705 736 generosso
722 664 842 724 concita
854 662 946 737 pulsu
956 677 962 727 j
1064 693 1106 704 -

177 751 298 826 Ungula
312 746 370 810 sub
386 745 495 822 spoliis
510 744 643 820 graviter
655 746 811 808 redeuntis
827 744 953 822 opimis!
971 749 972 752 ’

12 819 13 878 3
125 843 160 899 75
178 835 262 910 Quae
276 834 345 893 laus
358 831 457 906 prima
472 843 594 904 canum,
611 829 721 904 quibus
743 837 791 891 est
812 827 942 890 audacia
956 841 1105 904 praeceps

176 915 382 990 venandique
397 929 495 988 sagax
510 914 607 974 virtus
620 913 766 988 viresque
781 911 947 990 sequendi:

179 1001 262 1076 Quae
276 1013 357 1060 nunc
376 997 464 1058 elatis
479 997 625 1057 rimantur
639 997 763 1058 naribus
778 1013 890 1070 summ,

177 1087 215 1145 Et
228 1099 309 1144 nnnc
324 1082 462 1144 demisso
478 1086 628 1158 quaerunt
642 1081 771 1157 vestigia
784 1087 894 1154 rostro,
910 1111 913 1114 -

178 1169 216 1228 Et
229 1167 364 1241 produnt
378 1167 511 1224 clamore
526 1163 621 1222 ieram
636 1165 855 1240 dominumque
868 1161 1009 1223 vocando

126 1252 164 1308 00
177 1247 371 1324 increpitant.
402 1259 493 1322 quern
511 1246 538 1306 si
553 1246 682 1306 conlatis
698 1247 804 1321 effugit
819 1247 920 1319 armis,

177 1331 352 1407 Insequitur
365 1331 562 1406 tumulosquo
577 1327 662 1390 canis
679 1334 871 1405 composque
886 1345 942 1404 per
957 1326 1086 1404 ornnes]

221 1415 332 1477 Noster
345 1413 376 1472 in
391 1420 456 1472 arte
470 1411 558 1472 labor
571 1413 700 1488 positus.
730 1416 807 1488 spes'
820 1411 919 1472 omnis
933 1413 964 1470 in
980 1411 1039 1479 illa.

179 1501 242 1560 Neo
257 1507 358 1559 umen
373 1495 404 1556 ln
419 1495 537 1556 medias
554 1498 654 1572 pelagi
668 1503 698 1557 te
714 1511 843 1572 pergere
858 1495 950 1556 sedes

180 1583 387 1656 Admoneann,
404 1579 546 1655 vastique
559 1581 652 1642 maris
667 1587 815 1656 temptare
829 1579 1023 1656 protundum.

128 1677 163 1734 aa
177 1669 258 1728 Inter
271 1672 433 1740 utrumqne
446 1664 506 1724 loci
521 1665 629 1726 melius
646 1663 846 1726 moderabere
859 1663 983 1723 linum...
1034 1661 1037 1669 “

178 1755 300 1826 Aspera
311 1765 384 1809 narn
400 1749 486 1808 saxis
500 1749 569 1808 loca
585 1751 675 1809 sint...
689 1763 759 1810 nam
772 1747 843 1807 talia
857 1749 956 1807 lentos

179 1835 357 1909 Deposcunt
371 1833 517 1892 calamos.
547 1840 577 1892 at
592 1847 701 1908 purum
715 1832 792 1892 retia
805 1832 908 1891 litus...
957 1835 958 1838 ’

178 1918 256 1978 Nurn
272 1931 361 1977 mons
376 1915 536 1976 horrentes
551 1917 686 1978 demittat
699 1913 951 1976 celsior'unrbras

179 2001 213 2060 In
228 2017 342 2061 mare...
357 2015 428 2060 nam
441 1999 527 2059 varie
541 2001 663 2074 quidam
680 1999 857 2074 fugiuntque
872 2001 1072 2074 petuntqoea

129 2091 165 2146 00
179 2083 256 2145 Num
270 2083 352 2143 vada
366 2081 505 2144 subnatis
524 2083 585 2144 into
599 2083 768 2145 viridantur
781 2084 819 2144 ab
834 2079 947 2158 herbis,

183 2167 380 2241 Oblectetque
394 2182 497 2228 rnoras
512 2174 542 2227 et
555 2169 656 2228 mollis
671 2169 781 2228 vestiat
796 2167 874 2241 alga.

181 2251 352 2328 Descripsit
366 2251 459 2312 sedes
476 2251 560 2311 varie
577 2259 684 2313 natura
698 2249 852 2327 profundi,

180 2335 244 2395 Nec
260 2341 387 2396 cunctos
401 2351 463 2396 una
476 2335 573 2396 voluit
586 2337 756 2398 consistere
771 2337 884 2412 pisces.

12 2469 13 2482 ,
181 2418 257 2478 Nam
271 2419 407 2492 gaudent
418 2419 544 2492 pelago,
562 2420 670 2492 quales
684 2417 880 2493 scombrique
892 2417 1062 2489 bovesque,

12 2513 13 2526 1
130 2500 165 2556 00
179 2497 309 2574 Hippuri
324 2499 451 2571 celeres,
469 2507 499 2559 et
512 2501 600 2574 nigro
615 2508 738 2575 tergore
753 2501 818 2575 loli,

12 2571 14 2608 ³
61 2629 62 2634 ,
179 2580 218 2640 Et
232 2580 387 2656 pretiosus
403 2583 508 2658 elops,
523 2583 636 2644 nostris
650 2583 823 2658 incognitus
837 2583 937 2658 undis,

178 2665 226 2724 Ac
241 2663 336 2724 durus
351 2663 489 2740 xiphias,
506 2665 567 2726 ictu
576 2681 643 2728 non
658 2667 759 2728 mitior
772 2665 865 2743 ensis,

152 2761 155 2763 ·
179 2746 218 2806 Et
231 2747 338 2822 pavidi
352 2763 465 2824 magno
480 2749 629 2829 fugientes
644 2753 766 2828 agmine
778 2750 894 2824 thunni,

181 2829 280 2890 Parva
290 2829 465 2892 echeneis...
477 2839 509 2893 at
520 2839 576 2907 est,
587 2833 704 2908 mirum,
716 2850 803 2896 mora
808 2833 965 2910 puppibus
973 2831 1111 2906 ingens...

118 2913 169 2968 100
182 2915 305 2990 Tuque,
314 2929 426 2976 comes
441 2915 550 2977 ratium
565 2919 713 2994 tractique
727 2933 784 2994 per
799 2933 934 2994 aequora
949 2915 1035 2992 sulci,
1050 2937 1054 2944 «

182 2997 237 3071 Qui
253 3012 376 3074 semper
395 3013 520 3074 spumas
536 3003 693 3082 sequeris,
708 3000 858 3078 pompile,
873 3003 1019 3074 nitentes„

161 3154 166 3157 ¹
183 3080 395 3159 cercyrosque
410 3083 513 3156 ferox,
529 3088 727 3160 scopulorum
741 3085 802 3146 line
816 3091 960 3161 moratus,

183 3162 502 3248 cauillatus-ingratus
517 3183 608 3242 suco,
624 3176 687 3230 turn
702 3171 848 3231 concolor
863 3170 905 3230 illi

183 3245 314 3324 Orphus,
330 3250 533 3326 caeruleaque
546 3251 659 3314 rubens
675 3252 834 3332 erythinus
849 3255 880 3313 in
894 3251 983 3326 unda,

12 3357 14 3400 ὴ
118 3339 169 3392 lot
182 3331 315 3408 insignis
331 3349 504 3410 sargusque
518 3335 614 3408 notis,
630 3337 759 3412 insignis
775 3345 805 3398 et
819 3337 886 3412 alis,

179 3413 217 3474 Et
230 3430 325 3490 super
341 3425 447 3478 aurata
467 3417 612 3494 sparulus'
626 3421 747 3482 cervice
760 3422 924 3496 refulgens,

178 3495 217 3557 Et
230 3499 339 3560 rutilus
357 3501 488 3578 phager,
504 3509 534 3562 et
548 3500 622 3563 fulvi
638 3505 838 3581 synodontes,
854 3511 884 3565 et
898 3519 937 3565 ex
951 3517 986 3563 se
