2524 4004
114 151 176 220 168
509 150 569 214 EX
588 149 750 234 couno!

186 329 187 332 ¹
239 304 381 372 Pondere
396 303 572 380 disparibus
587 317 650 366 nou
664 309 794 380 potuere
807 307 895 368 rotis.

199 391 263 467 Quo
278 388 360 466 pede
375 403 456 450 nunc
471 392 547 462 utar,
571 387 664 448 dubia
678 395 730 448 cst
740 389 891 474 senteptia
904 390 1025 454 noblsr

181 518 183 528 .
238 475 325 536 Alter
339 471 420 552 enirn
435 472 475 534 de
488 478 528 548 te,
549 471 665 546 Rhene,
686 472 858 550 triumphus
874 475 974 538 adest.

197 557 290 620 Inrita
303 564 456 618 motorum
469 570 533 616 non
547 561 619 616 sunt
635 558 801 632 praesagia
812 563 932 621 naturus

157 651 193 707 90
241 639 352 704 Danda
365 641 432 703 lovi
446 643 560 714 laurus,
583 639 657 700 dum
671 640 756 715 prior
770 641 822 704 illa
834 641 922 706 viret.
955 671 959 677 ·

139 802 142 804 ,
196 726 260 789 Nec
274 741 344 786 men
357 723 454 786 verba
467 722 554 798 legis,
578 722 630 798 qui
646 736 714 784 sum
727 733 900 789 summotus
914 725 1115 802 adHistrum,

238 810 306 872 Non
320 809 400 869 bene
414 806 534 884 pacatis
549 803 675 868 flumina
689 816 763 884 pota
777 809 876 870 Getis=

91 925 93 930 ·
197 893 324 956 istatuei
338 896 473 953 voxest
502 891 582 955 deus
597 891 689 950 estin
704 898 830 968 pectore
844 899 988 962 nostro„
1074 906 1122 952 .’

238 975 323 1038 Haec
339 975 418 1038 duce
433 973 579 1051 praedico
594 973 807 1054 vaticinorque
821 977 891 1040 deo.

154 1069 189 1130 95
200 1060 280 1138 Quid
295 1075 402 1122 cessas
418 1071 540 1120 currum
551 1072 759 1136 pompamque
773 1075 884 1138 parare
895 1061 1067 1139 triumphis
1127 1094 1129 1098 ·

240 1145 349 1224 Liviae
367 1142 429 1206 iarn
442 1142 543 1204 nullas
559 1141 633 1204 dunt
644 1141 700 1203 tibi
714 1145 798 1208 bolla
809 1161 923 1208 moras.

76 1249 79 1251 ·
135 1293 139 1300 ,
189 1224 320 1292 “Perfida
335 1227 496 1288 damnatas
512 1224 675 1288 demonia
687 1227 799 1303 proicit
811 1229 929 1309 hastas.

238 1311 303 1375 lam
316 1311 441 1388 pondus
457 1309 542 1370 dices
558 1325 649 1371 onren
663 1309 779 1374 trabere
791 1329 904 1376 rncurn.
1072 1367 1077 1371 .

171 1393 172 1398 ’
202 1397 307 1471 crede,
330 1395 480 1470 brevique
495 1393 574 1455 fides
590 1393 697 1454 aderit
727 1397 893 1473 geminabit
907 1395 1055 1460 honorem

136 1493 190 1550 lou
237 1481 342 1556 Filius,
363 1486 394 1540 ct
410 1477 521 1541 iunctis
536 1483 569 1539 ut
582 1477 669 1554 prins
683 1477 739 1540 ibit
752 1482 852 1556 equis.

199 1564 323 1639 Promo,
339 1562 425 1640 quod
438 1561 546 1624 inicias
560 1561 696 1624 humeris
710 1563 889 1641 viatoribus,
910 1572 1042 1628 oslrnros

240 1649 314 1726 Ipsa
328 1653 431 1726 potest
445 1646 567 1708 solitum
582 1661 678 1708 nosse
693 1660 811 1710 corona
825 1654 931 1726 capuu

201 1730 309 1808 Scuto,
330 1731 388 1793 sed
403 1737 434 1792 et
447 1731 555 1806 galeae
568 1731 697 1808 gemmis
712 1732 870 1794 radientur
883 1740 913 1794 ei
927 1749 1013 1808 auro,
1085 1797 1087 1800 ,

177 1825 180 1829 ·
241 1815 390 1892 stentque
407 1829 503 1891 super
515 1815 615 1876 victos
631 1821 739 1879 trunca
750 1824 880 1895 tropaea
892 1815 993 1879 viros:

136 1907 188 1964 105
201 1899 324 1978 Oppida
336 1897 451 1964 turritis
466 1898 626 1975 cingantur
640 1899 774 1961 obunca
788 1902 892 1976 muris,
1103 1905 1104 1908 ’

241 1983 391 2060 Fictaque
405 1997 456 2044 res
470 1997 545 2044 vero
560 1997 646 2066 more
660 1990 782 2060 putetur
796 1983 855 2061 agi.
935 2015 937 2021 .

202 2067 369 2144 Squalidus
384 2065 531 2134 inmissos
546 2067 643 2128 tracte
657 2065 715 2128 snb
729 2069 879 2130 arundine
893 2068 994 2129 crines

241 2151 368 2214 Rhenus
384 2157 415 2213 et
427 2150 556 2214 inlectus
573 2151 722 2228 sanguine
737 2159 839 2229 portet
854 2166 961 2230 equas.

200 2235 336 2296 Barbara
347 2237 408 2296 iam
423 2234 504 2313 capti
520 2242 653 2312 poscunt
666 2235 800 2312 insignia
812 2251 912 2314 reges,
1066 2251 1067 2254 ’

137 2329 190 2385 110
241 2319 398 2396 Tantaque
412 2319 535 2381 iortuna
549 2317 692 2380 divitiora
705 2332 778 2382 suas
867 2316 869 2320 ’

199 2403 238 2464 Et
253 2417 333 2478 quae
346 2408 507 2479 praeterea
519 2401 746 2465 virtusinvicte
758 2411 878 2466 tuorum

246 2486 348 2562 Saepe
362 2491 470 2564 parata
482 2485 545 2560 tibi,
566 2501 662 2564 saepe
676 2488 906 2564 parandaiacit.
968 2515 969 2518 ¹

199 2570 247 2645 Di,
271 2586 401 2647 quornm
416 2571 531 2632 monitu
546 2583 653 2633 sumus
668 2577 815 2634 eventura
828 2573 930 2643 locuti,

241 2653 354 2731 Verba,
376 2668 495 2733 precor,
517 2653 610 2716 celeri
624 2659 730 2718 nostra
743 2655 873 2735 probate
886 2658 962 2719 lidet

147 2833 189 2931 5.
242 2871 430 2935 uuxuuo
454 2873 638 2942 conclu.

205 2953 310 3061 Quam
323 2988 410 3064 legis,
433 2991 517 3052 unde
529 2991 584 3053 tibi
600 2993 733 3054 mittatur
746 2991 888 3069 epistola,
911 2991 1057 3068 quaeriss

242 3071 330 3147 Hinc,
351 3071 403 3133 ubi
418 3075 567 3140 caeruleis
582 3076 715 3152 iungitur
727 3076 833 3138 Hister
846 3075 947 3152 aquis.

200 3157 241 3218 Ut
254 3155 339 3231 regio
356 3156 437 3218 dicta
451 3165 508 3232 est,
531 3175 710 3222 succurrere
724 3159 817 3222 debet
831 3165 861 3221 et
875 3165 991 3234 auctor,
1102 3176 1104 3178 ·

242 3239 360 3301 Laesus
376 3239 415 3301 ab
430 3240 553 3316 ingenio
566 3243 650 3306 Naso
665 3250 759 3320 pocta
773 3260 841 3307 suo.

170 3329 188 3384 5
204 3321 259 3397 Qui
273 3321 336 3398 tibi,
360 3339 452 3398 quarn
465 3325 569 3387 mallet
583 3342 734 3403 praesens
749 3325 862 3390 afferre
875 3325 1016 3402 satutem,

243 3403 330 3466 Mittit
344 3405 383 3468 ab
398 3406 535 3488 hirsutis,
555 3409 688 3473 Maxime
703 3411 799 3488 cocu,
823 3411 919 3472 Getis.
990 3459 992 3463 .
1014 3453 1015 3456 κ
