2524 4004
417 257 475 331 lV,
497 255 531 330 9,
553 253 694 332 07-10,
718 255 770 322 36.

86 421 157 520 lt.
212 421 534 520 nueruovnuo.

170 535 232 634 Hie
245 571 320 633 mihi
335 573 495 635 Cimmerio
509 573 559 637 bis
572 575 660 636 tertia
673 576 796 640 ducitur
809 586 914 644 aestas

210 657 313 719 Litore
327 657 450 734 pellitos
466 658 544 719 inter
558 660 678 734 agenda
693 661 796 722 Getes.
1066 715 1069 718 .

168 741 293 817 Ecquos
308 747 341 802 tu
356 741 475 818 silices,
496 743 633 817 ecquod,
650 745 824 819 carissime,
845 748 957 808 ferrum
992 795 995 798 .
1047 751 1054 756 “

210 824 345 886 Duriliae
360 825 499 900 coniers,
514 824 722 903 Albinouene,
738 837 852 892 meoet.
911 841 913 844 ’

141 917 158 972 5
174 907 263 972 Gutta
281 915 372 970 eevat
386 908 530 985 lapidem.
558 911 748 974 consumitur
762 915 871 976 anulus
885 931 960 976 usus

212 992 358 1054 Alteritur
372 1007 484 1069 pressa
497 1007 605 1053 vomer
619 994 757 1057 aduncus
772 997 875 1060 humo.

168 1075 301 1152 Tempus
317 1075 398 1136 edax
413 1076 503 1152 igitur
515 1083 638 1154 praeter
652 1093 712 1139 nos
726 1081 828 1141 omniu
842 1082 956 1157 perdit:

212 1157 320 1221 Cessat
339 1160 448 1222 duritie
461 1173 545 1234 mors
560 1175 688 1236 quoquc
701 1161 783 1224 vieta
797 1179 876 1224 mea.
947 1210 950 1214 .

168 1241 350 1318 Exemplum
366 1250 413 1319 est
432 1243 524 1321 animi
539 1243 665 1306 nimium
678 1245 821 1320 patimus
834 1247 950 1320 Ulixes,

119 1335 154 1389 10
208 1327 339 1388 lactatus
355 1326 448 1389 dubio
468 1343 524 1404 per
543 1327 607 1389 dno
622 1329 720 1391 lustra
734 1330 820 1390 mari.

168 1409 320 1486 Tempora
335 1411 454 1473 solliciti
471 1411 528 1472 scd
542 1425 605 1472 non
618 1417 720 1474 temen
735 1413 837 1480 omnic
851 1414 904 1474 lati

126 1533 129 1540 .
209 1491 347 1571 Pertulit,
367 1501 397 1555 et
412 1495 554 1571 placidae
573 1509 670 1571 saepe
684 1496 771 1558 luere
789 1511 903 1558 morae.

166 1581 216 1638 An
236 1593 336 1653 grave-
347 1593 407 1640 sex
422 1578 511 1640 annis
526 1578 685 1658 pulclrrem
700 1581 820 1642 lavisse
833 1581 977 1660 Calypso,

197 1662 395 1738 Aeaeaeque
407 1663 463 1726 luit
483 1661 691 1724 concubuisse
704 1665 803 1728 deae-r

118 1752 152 1807 15
165 1743 288 1820 Excipit
300 1745 511 1822 Hippotades,
529 1747 581 1822 qui
596 1747 649 1808 dat
663 1763 719 1823 pro
735 1763 862 1813 mouere
876 1756 994 1824 uentos,

209 1827 320 1890 curvet
335 1838 368 1890 ut
383 1830 621 1908 inpulsosutilis
637 1847 712 1893 aure
726 1833 821 1896 sinus.

165 1911 231 1973 Nec·
240 1909 321 1974 bene
335 1921 493 1977 cantantes
508 1913 597 1976 labor
613 1921 662 1976 est
680 1915 811 1979 audisse·
820 1917 953 1993 puellam

206 1994 271 2057 Nee
285 1996 458 2072 degustanti
473 1999 554 2060 lotos
569 2015 674 2060 amare
688 2000 752 2061 luit

164 2075 231 2140 Hos
248 2095 322 2156 ego,
338 2083 390 2156 qui
404 2082 521 2159 patriae
536 2081 649 2144 faciant
663 2082 791 2159 oblivia,
807 2099 900 2145 sucos

114 2169 150 2224 to
204 2161 294 2224 Parte
308 2167 509 2240 meraritae,
528 2167 555 2226 si
569 2165 663 2227 modo
678 2167 800 2241 deutur,
816 2174 929 2228 emam!
1098 2233 1100 2236 .

166 2245 229 2307 Nec
243 2253 277 2308 lu
290 2250 461 2311 contuleris·
472 2248 579 2331 urbem
599 2250 820 2330 Laestrygonis
839 2267 985 2327 umquam

209 2329 370 2408 Gentibus,
386 2333 511 2408 obliqua
529 2349 607 2408 quas
624 2334 690 2395 obit
700 2333 803 2396 Hister
816 2347 907 2409 equa
1007 2405 1023 2415 ·

106 2465 109 2471 .
164 2413 227 2475 Nec
242 2414 343 2476 vincet
359 2431 495 2478 saevum·
505 2417 639 2494 cyclops
654 2417 772 2478 feritate
787 2417 946 2496 Phyeeem

207 2496 263 2571 Qui
279 2505 373 2574 quota
388 2500 513 2562 terroris
533 2517 607 2577 pars
622 2502 701 2564 solet
717 2517 788 2562 esse
802 2501 883 2562 meit

113 2589 148 2643 25
165 2581 270 2656 scylla
284 2582 357 2642 leuis
377 2590 485 2646 trunco
500 2585 589 2661 quod
601 2579 689 2646 latret
702 2585 741 2644 ab
759 2585 883 2661 inguine
897 2585 1076 2646 monstris...

206 2665 383 2742 Heniochae
397 2668 497 2730 nautis
512 2669 582 2744 plus
598 2683 732 2730 nocuere
747 2675 839 2730 rates.

158 2748 226 2810 'Nec
240 2755 331 2826 potes
346 2749 465 2813 infestis
481 2753 620 2814 conlemo
638 2748 812 2830 Charybdin
828 2750 972 2827 Achaeis,
1051 2783 1093 2798 -·
1256 2833 1257 2836 Ἴ

207 2831 265 2895 Ter
280 2832 549 2911 liuetepotumter
564 2835 868 2900 vomatillalretum.
1215 2875 1221 2908 ,

163 2912 218 2990 Qui
234 2932 421 2994 quamquam
437 2919 546 2980 dextra
559 2919 685 2994 regione
700 2919 840 2984 licentius
860 2927 970 2991 errent,

111 3002 149 3059 30
205 2999 353 3066 Securum
368 3003 448 3064 letus
463 3001 523 3064 hoc
541 3017 603 3063 non
618 3007 718 3063 tumen
733 3018 804 3064 esse
822 3003 934 3064 simunt

137 3139 138 3144 ,
160 3081 218 3142 Hic
233 3084 298 3159 agri
313 3084 489 3162 inirondes,
504 3086 554 3148 hio
569 3085 690 3161 spicula
701 3083 794 3147 tincta
807 3086 951 3147 venenis:

203 3165 260 3227 Hic
273 3168 351 3228 treta
366 3170 415 3230 vel
432 3169 526 3244 pediti
541 3169 648 3246 pervia
661 3169 763 3230 reddit
777 3168 884 3243 hiems,

161 3247 216 3325 Ut,
236 3266 415 3326 queremus
430 3249 487 3314 iter
501 3253 600 3330 pulsis
613 3253 708 3314 modo
724 3253 837 3314 lecerat
850 3252 951 3327 undis,

204 3332 314 3396 Siccus
329 3343 503 3414 contempta
517 3353 600 3400 ,nave
615 3336 715 3404 uiator
728 3344 787 3398 cat.

105 3423 140 3480 35
156 3415 214 3493 Qui
230 3419 356 3484 veniunt
369 3421 474 3496 istinc,
491 3422 618 3482 vinces
631 3435 668 3482 ea
685 3416 811 3482 credere
826 3419 939 3479 dicunt.

204 3502 301 3580 Quam
315 3504 485 3580 miserest,
506 3506 558 3581 qui
574 3506 631 3566 lert
646 3505 806 3581 asperiora
819 3501 897 3564 fide!
