2454 4004
430 246 482 326 ur,
507 249 684 335 rsa-f-rsa
1001 247 1066 317 au

69 419 122 472 110
164 407 223 466 -An
239 403 805 479 0111111101ωο11101001111011011111

132 489 255 568 Annuit.
285 485 386 549 ‘Unda
401 488 495 547 vonit’
512 488 575 546 dixi
591 493 662 548 ‘sua
675 489 811 548 membra
826 489 952 550 secandi
1003 502 1005 506 ·

171 575 344 650 impetusr
375 571 518 647 01100111,
532 571 628 631 Pieris
638 589 717 633 'omia
731 574 829 647 laquie

11 667 19 678 ··
134 658 251 736 ‘Phryx
263 671 342 731 ¹qrucr
355 655 386 714 in
398 655 502 729 siluis,
519 655 597 730 laoie
612 656 805 732 spectabilis,
821 657 900 718 Attis

173 741 365 814 Turrigeram
381 746 466 800 casto
483 739 580 800 vinxit
592 754 697 802 amore
712 742 810 801 dcam.

70 833 122 886 115
137 825 224 886 Hunc
244 823 303 884 sibi
318 824 436 884 seruari
451 823 561 897 voluit,
576 839 635 884 sua
648 825 762 900 temple
774 825 862 900 tueri,

175 909 213 968 ut
227 907 303 967 dixit
315 905 472 982 “Semper
490 904 538 967 iac
552 921 630 982 puer
644 924 715 968 esse
731 909 842 969 velis.’'

133 993 188 1051 ille
208 991 302 1050 fidem
316 991 411 1050 iussis
424 991 525 1063 dedit,
537 998 571 1050 01
584 989 643 1050 “Si
657 993 828 1065 urentiur‚”
844 993 941 1067 inquit
1059 1035 1060 1042 1

172 1073 327 1148 utillima,
344 1088 405 1148 qua
417 1073 537 1147 iollam,
554 1073 593 1132 sit
605 1091 704 1134 venus
720 1077 771 1136 illa
790 1077 899 1134 milri.”

133 1157 234 1232 Fallit,
250 1155 324 1216 etin
339 1156 476 1232 nympha
493 1155 665 1230 Sagaritide
678 1159 792 1218 ⁴desiuit
806 1175 886 1232 esse,

70 1247 122 1301 130
176 1241 264 1316 Quod
278 1239 342 1300 luit.
372 1239 449 1298 Hinc
464 1253 583 1315 poenas
598 1241 692 1314 exigit
706 1241 751 1300 ira
765 1242 852 1300 deae.

132 1325 229 1386 Naida
244 1323 421 1383 volneribus
437 1322 566 1383 succidit
580 1323 611 1382 in
626 1323 736 1383 arbore
751 1325 850 1384 lactis.

170 1409 226 1468 llla
240 1407 328 1484 perit.
355 1408 451 1468 iatum
465 1407 575 1466 naides
590 1407 683 1467 arbor
697 1415 771 1467 erat.

131 1492 189 1552 llic
204 1493 287 1566 furit,
302 1498 333 1551 01
348 1491 477 1552 credens
492 1491 615 1550 thalami
631 1491 832 1567 procumbere
846 1497 958 1552 tectum

175 1575 303 1650 Effugit,
316 1583 349 1634 et
363 1591 455 1636 eursu
469 1573 624 1652 Dindyma
635 1591 756 1636 summa
767 1577 853 1650 petit.
1037 1645 1039 1648 .

69 1660 119 1714 135
132 1661 171 1720 lit
183 1661 275 1720 modo
288 1661 398 1719 “Tolle
410 1661 494 1719 iaces
503 1663 547 1732 !,”
564 1661 752 1720 “Remove''
764 1660 857 1720 modo
870 1657 1063 1719 “verberat’'

181 1765 182 1768 ¹
755 1744 873 1804 clamat.
988 1771 990 1774 ⁴

178 1826 280 1902 Saepe
294 1827 455 1887 Meletinas
470 1827 548 1886 iurat
565 1826 678 1886 adesse
693 1827 779 1887 deas.

133 1912 188 1971 llle
203 1911 292 1970 etiam
308 1926 392 1970 sano
402 1923 515 1985 corpus
531 1910 659 1970 laniavit
672 1917 772 1986 acuto,

135 2073 138 2077 ἢ
174 1994 342 2070 Longaque
353 1993 391 2052 -in
406 1994 562 2054 immundo
578 1995 706 2068 pulvere
716 2001 817 2054 tracta
832 2010 920 2054 coma
935 2002 991 2054 est.

134 2079 270 2152 Voxque
285 2077 341 2137 luit
354 2077 493 2138 “Monuit
509 2079 633 2137 melitus
649 2079 690 2138 do
707 2079 855 2152 sanguine
870 2093 997 2154 poenas.

73 2163 122 2218 140
174 2163 217 2221 A!
240 2166 368 2236 pereant
383 2167 501 2235 partes,
518 2177 598 2235 quae
611 2176 745 2221 nocuere
760 2163 874 2222 mihit”

133 2246 202 2304 “At
224 2249 375 2320 pereant”
390 2245 512 2306 dicebat
526 2245 641 2316 adhuc,
657 2259 736 2305 onus
752 2244 882 2320 inguinis
897 2247 1002 2319 aulen,

172 2328 324 2402 Nullaque
339 2335 411 2388 sunt
425 2328 525 2388 subito
543 2329 631 2402 signa
645 2329 750 2388 relicta
766 2330 832 2388 viri.
1034 2327 1043 2348 ⁶

134 2412 270 2471 venitin
287 2413 461 2488 exemplum
477 2411 638 2484 turannio,
654 2413 825 2486 mollesque
839 2411 968 2472 ministri

178 2495 315 2555 Caedunt
328 2495 445 2555 iactatis
460 2494 533 2554 vilia
547 2494 683 2552 manbre
698 2495 818 2555 comis?

75 2587 123 2640 145
137 2579 260 2640 Talibus
279 2579 395 2640 Aoniae
409 2579 543 2638 iucunda
558 2594 636 2638 voce
652 2577 803 2637 Camenae

175 2663 308 2722 Reddita
327 2663 457 2738 quaesiti
472 2678 567 2722 causa
584 2661 696 2722 luroris
717 2670 790 2721 erut.

136 2746 214 2807 ‘Hoc
230 2736 362 2824 quoque,
378 2747 441 2806 dux
456 2746 569 2822 operis,
587 2761 724 2816 moneas,
741 2761 860 2820 precor,
880 2747 962 2806 unde
976 2746 1066 2822 petita

177 2831 313 2890 Venerit.
337 2847 375 2890 an
393 2837 499 2891 nostra
518 2845 641 2905 semper
653 2830 684 2888 in
702 2829 784 2890 Urbe
799 2831 884 2890 luitt’

14 2981 20 2993 .
139 2913 323 2990 ‘Dindymon
340 2921 370 2974 01
384 2915 519 2994 Cybelen
535 2919 565 2974 et
580 2929 740 2973 amoenam
756 2915 890 2974 lontibus
905 2913 980 2974 lden

76 2999 127 3052 150
182 2997 309 3073 Semper
324 3006 354 3058 01
366 2999 476 3058 iliacas
492 2998 589 3058 Mater
604 2998 717 3056 amavit
734 3013 824 3073 ones.

140 3081 210 3141 (tum
224 3082 344 3143 Troiam
358 3083 480 3142 deneas
495 3083 588 3142 italos
600 3087 739 3157 portaret
754 3081 782 3140 in
799 3097 900 3158 agros,

179 3165 233 3225 Est
250 3167 308 3225 dea
322 3167 486 3226 sacriferas
501 3181 601 3240 paene
617 3171 723 3236 secuta
741 3173 832 3226 rates.

142 3247 203 3308 Sed
216 3251 351 3310 nondum
366 3251 435 3310 fatis
451 3250 537 3309 Latio
555 3265 613 3310 sua
626 3249 748 3308 numina
765 3250 853 3324 posci
944 3287 945 3290 κ

182 3330 340 3409 Senserat,
357 3334 494 3394 adsuetis
510 3333 747 3408 substiteratque
760 3335 848 3393 locis.

78 3419 128 3476 116
139 3413 226 3490 nost,
243 3425 274 3478 ut
287 3420 385 3480 Roma
399 3423 509 3494 potens
525 3416 636 3494 opibus
651 3417 711 3476 iam
726 3419 850 3477 saecula
865 3416 1001 3491 quinque

180 3501 277 3580 Vidit,
294 3510 324 3564 et
336 3503 469 3564 edomito
483 3502 608 3564 sustulit
626 3500 814 3576 0111001001,
842 3579 859 3622 *
