2524 4004
144 257 206 322 ras
535 250 596 312 ox
620 249 769 313 Porro

226 406 385 469 Materiam
399 402 546 480 queertst
567 404 674 467 laudes
690 403 730 463 de
744 403 876 468 Caesare
891 403 967 466 dixi.

267 483 382 552 A'diuta
396 494 444 550 est
458 488 579 549 novitas
595 487 719 550 numine
734 493 840 551 nostra
852 489 916 552 dei.

180 586 215 642 aa
226 575 301 636 Nam
315 573 412 650 patris
427 573 559 649 Augusti
574 572 667 632 docui
684 573 812 634 mortale
826 574 924 638 tuisse

169 700 176 708 .
268 658 397 734 Comae,
414 657 453 717 in
468 656 621 718 aetherias
636 670 749 716 numen
764 656 872 730 abisse
884 657 1012 718 domos=
1035 723 1036 726 Ἴ

225 741 306 803 Esse
320 757 426 818 parem
441 740 551 801 virtute
567 739 655 816 patri,
679 739 731 814 qui
746 739 981 812 irena'eoaetus

267 825 370 902 Saepe
384 823 517 889 recusati
534 823 651 900 ceperit
664 823 794 898 imperii.
903 851 905 858 v

225 909 305 974 Esse
319 908 503 984 pudicarum
517 909 699 982 tevestem,
721 907 816 984 Liria,
838 914 978 981 matrum,

180 1002 216 1058 30
267 991 462 1069 Ambiguum,
483 996 556 1053 nato
572 991 703 1066 dignior,
725 1007 805 1051 anne
819 992 897 1052 viro.
941 1013 944 1018 ·
1045 1034 1050 1042 1

224 1077 304 1139 Esse
319 1077 399 1138 duos
413 1076 552 1149 iuvenes,
575 1075 664 1136 firma
677 1074 853 1138 adiumenta
866 1075 1011 1152 parentis,

194 1212 196 1219 .
267 1160 324 1236 Qui
339 1159 480 1222 dederint
495 1159 587 1220 animi
603 1159 735 1234 pignora
748 1166 833 1220 certa
847 1159 906 1221 sui.

224 1245 309 1314 Haeo
323 1244 376 1306 ubi
392 1259 455 1305 non
468 1243 568 1321 patrie
582 1243 700 1318 perlegi
716 1243 834 1318 scripta
848 1244 989 1316 Camena,

218 1367 228 1380 ,
265 1329 359 1389 Venit
374 1335 404 1388 et
418 1327 459 1389 ad
474 1327 588 1404 digitos
603 1327 830 1391 ultimeoharta
844 1343 943 1399 meos,
1003 1371 1004 1374 ,

181 1419 215 1478 tt
225 1411 263 1475 Et
280 1418 373 1488 eaput
387 1418 417 1472 et
430 1412 540 1489 plenas
556 1426 664 1472 omnes
680 1425 807 1472 movere
820 1409 991 1487 pharetras,

268 1497 307 1557 Et
320 1497 446 1572 longum
460 1495 567 1556 Getico
581 1511 719 1556 murmur
733 1495 764 1556 in
780 1511 834 1557 ore
849 1496 913 1556 fait.
958 1533 961 1541 ‚

226 1582 329 1657 Atque
344 1580 455 1655 aliquis
470 1577 609 1639 ‘Scribas
624 1579 703 1640 haee
718 1595 788 1640 eum
803 1580 842 1640 de
858 1578 1013 1652 Caesare,’
1035 1559 1111 1636 dixit
1130 1642 1135 1650 ,

268 1663 409 1724 Caesaris
425 1663 554 1739 irnperio
568 1663 778 1726 restituendus
793 1668 885 1724 eras?

225 1748 281 1808 Ille
297 1747 422 1823 quidem
438 1747 524 1808 dixit.
556 1747 615 1808 sed
629 1763 679 1808 me
693 1747 761 1822 iam,
786 1747 871 1821 Care,
895 1745 989 1809 nivali

180 1835 216 1890 to
270 1831 365 1892 Sexta
378 1832 548 1906 relegatum
561 1829 671 1892 bruma
684 1832 742 1892 sub
758 1847 816 1892 axe
830 1831 925 1892 videt.

227 1915 368 1977 Carmina
381 1915 424 1974 nil
438 1920 582 1991 prosunt
612 1921 784 1978 noeoerunt
799 1915 935 1998 earmina
950 1913 1114 1992 quondam,

267 1999 430 2075 Primaque
444 2004 507 2060 tam
521 1997 655 2060 miserae
670 2014 766 2062 eausa
781 1999 867 2062 suere
881 2000 983 2075 fugae.

226 2084 268 2145 At
283 2089 325 2156 tu,
347 2098 405 2160 per
422 2082 517 2144 studii
532 2085 706 2146 eommunia
720 2084 849 2145 foedera
862 2084 953 2161 seori,

266 2165 850 2244 fflmmfflmmmm

180 2251 215 2307 45
228 2249 280 2312 Sie
296 2257 388 2326 eapto
402 2249 497 2312 Latiis
513 2250 712 2314 Germanicus
726 2251 818 2312 hoste
833 2249 949 2313 eatenis

267 2333 426 2396 Materiam
439 2336 553 2396 vestris
569 2336 690 2398 adierat
702 2331 849 2412 ingeniisz
917 2385 920 2390 .

227 2417 279 2478 Sic
293 2418 417 2478 valeant
431 2417 528 2494 pueri,
550 2427 655 2488 votum
670 2434 832 2485 commune
847 2420 986 2488 duorum,

269 2501 353 2576 Quos
368 2501 437 2563 laus
453 2502 633 2574 formandos
649 2503 764 2588 esttibi
778 2519 890 2579 magna
904 2502 1008 2562 datos=

228 2583 347 2660 Quanta
359 2591 461 2662 potes,
478 2585 594 2662 praebe
609 2595 735 2650 nostrae
749 2593 904 2648 momenta
918 2585 1017 2660 saluti,

182 2678 217 2732 oo
267 2669 352 2745 Quae
366 2667 426 2732 nisi
440 2675 557 2733 mutato
572 2673 656 2734 nulla
672 2673 772 2736 futura
785 2673 855 2734 loeo
871 2678 927 2734 est.

570 2817 751 2828 -ο-ο-ι-ο--ιι-α-
789 2813 790 2818 ’

145 2851 214 2948 14.
269 2886 515 2949 rorterio.

150 3079 154 3088 ι
227 2969 317 3066 flaee
330 3005 384 3064 tibi
399 3003 568 3079 mittuntur,
592 3020 684 3080 quem
699 3020 767 3068 sum
781 3003 875 3066 modo
893 3003 1027 3064 carmine
1044 3008 1171 3076 questus
1250 3001 1251 3004 ’

267 3089 335 3151 Non
351 3095 454 3166 aptum
468 3087 603 3152 numeris
618 3104 731 3159 nomen
745 3087 861 3159 habere
877 3089 964 3150 meis.
1015 3129 1016 3136 1

227 3171 262 3232 In
277 3172 389 3249 quibus
405 3180 536 3252 excepto
553 3172 638 3250 quod
653 3171 755 3237 adhue
768 3180 938 3249 utcumque
951 3170 1101 3244 valemus,
1121 3180 1125 3184 ·

267 3257 331 3341 1111,Ι
347 3265 378 3334 te
393 3265 554 3335 praeterea
569 3258 656 3334 quod
668 3257 762 3335 iuvet,
784 3259 939 3334 invenies

197 3340 300 3418 alpsa
314 3357 440 3418 quoque
455 3349 502 3401 est
516 3341 618 3401 invisa
631 3343 728 3408 salus.
762 3350 900 3418 suntque
910 3341 1016 3408 ultima
1032 3347 1113 3412 vota,

270 3424 412 3500 Quolibet
425 3441 465 3485 ex
479 3424 546 3484 istis
562 3425 680 3494 seilicet
693 3428 739 3488 ire
747 3427 843 3491 iocis.
946 3459 948 3466 ·

226 3507 316 3567 Nulla
328 3507 402 3567 mihi
418 3523 491 3569 eura
506 3515 563 3585 est,
582 3503 663 3573 'teira
679 3495 742 3593 quo
755 3509 854 3574 muter
869 3501 915 3576 ab*
925 3512 1001 3572 istas

270 3589 336 3648 Hae
351 3591 432 3666 quia,
457 3607 549 3668 quam
563 3595 664 3670 video,
687 3599 802 3674 gratior
817 3595 916 3659 omnis
928 3589 1002 3658 'erit
