2454 4004
305 245 307 252 ·
380 260 383 264 .
446 209 691 285 v,srs-ss5.
825 183 830 187 ’
1010 219 1073 283 ma

140 360 318 436 Magnaque
333 375 408 434 pars
424 361 533 422 horum
549 363 681 426 desertis
699 373 824 428 venerat
837 367 940 442 Argis.

182 443 337 505 Montibus
353 443 402 504 his
419 453 537 525 ponunt
553 461 702 522 spemque
717 451 987 524 laremquesuum.
1073 493 1075 497 -

140 526 242 603 Saepe
257 535 358 588 tamen
373 528 491 602 patriae
507 529 588 588 dulei
604 537 768 604 tanguntur
783 549 897 606 amore,

181 609 411 686 Atquceliquis
428 611 564 672 moriens
579 612 639 672 hcc
652 613 747 674 breve
762 617 889 676 mandet
903 633 1000 692 opus=

74 699 126 754 666
142 693 272 754 “Mittite
286 710 336 754 me
354 695 385 752 in
400 695 545 756 Tiberim=
573 695 720 758 Tiberinis
735 707 842 760 vectus
855 701 887 758 iu
906 701 997 763 undis

181 777 228 836 Lit
216 785 265 837 tus
281 779 323 838 ad
335 779 492 840 Inachium
507 780 609 854 pulvis
623 781 722 842 inanis
736 797 815 842 cam
816 788 842 818 ³⁹

139 860 289 936 Displicet
304 861 410 920 heredi
425 863 561 922 mandati
576 879 651 923 cura
665 865 836 942 sepulchriz

179 943 318 1004 Mortuus
333 945 474 1005 Ausonia
489 945 630 1006 conditur
643 947 770 1024 hospes
777 948 879 1022 humo,
943 949 944 952 ’

138 1023 267 1100 Scirpea
280 1042 337 1100 pro
353 1026 477 1086 domino
492 1027 614 1088 Tiberi
606 1037 698 1091 ractad
700 1048 734 1090 ur
753 1032 864 1106 imago,

73 1115 127 1170 66⁰
181 1107 221 1168 Ut
239 1115 358 1183 repetat
374 1108 482 1170 Graias
500 1127 555 1206 per
568 1113 645 1172 freta
659 1115 752 1187 longa
767 1115 901 1174 domos?

135 1191 302 1254 Hactenus.
332 1197 366 1251 ut
379 1193 472 1252 subiit
485 1194 558 1253 vivo
578 1196 713 1254 rorantia
728 1212 805 1256 saxo

178 1276 295 1350 Antra,
306 1277 392 1335 leves
410 1291 534 1336 cursum
549 1277 737 1338 sustinuistis
756 1293 864 1352 aquae.

284 1466 286 1470 Α
342 1405 392 1470 15.
423 1407 620 1474 culum,
661 1409 711 1473 16.
734 1408 791 1470 HF

358 1486 482 1552 linc
511 1492 630 1555 leisc
659 1492 787 1555 lidec-

138 1609 226 1668 Clare
243 1623 343 1682 nepos
359 1607 507 1679 Abantis,
525 1607 615 1668 ades!
639 1625 729 1682 quem
745 1611 899 1672 montibus
915 1571 986 1673 oiim

142 1715 146 1718 ·
180 1691 284 1752 Edidit
296 1691 439 1752 Arcadiis
453 1691 555 1752 Pleias
569 1690 633 1750 uda
646 1691 727 1752 Iovi:
765 1717 773 1728 x

7 1857 9 1862 ,
70 1784 124 1840 666
137 1776 226 1836 Pacis
241 1783 271 1834 et
285 1791 437 1834 armorum
452 1774 572 1849 superis
589 1775 724 1850 imisque
738 1776 865 1838 deorum

178 1860 317 1931 Arbiter,
329 1859 415 1932 ,alato
436 1857 489 1932 qui
504 1858 585 1932 pede
600 1860 704 1932 carpis
720 1859 793 1918 iter:

135 1943 228 2004 Lacte
242 1943 329 2020 lyrae
345 1942 452 2016 pulsu,
469 1941 566 2001 nitida
581 1957 707 2016 quoque
725 1945 805 2002 laete
818 1945 981 2020 palaestra,

180 2025 245 2098 Quo
263 2026 369 2086 didicit
383 2027 465 2084 culte·
475 2025 579 2098 lingua
595 2025 725 2085 docente
740 2027 840 2102 loquis

134 2111 261 2186 Templa
279 2109 332 2169 tibi
346 2123 480 2184 posuere
494 2115 600 2184 patres
616 2111 788 2183 spectantia
803 2109 922 2170 Circum

70 2201 124 2258 670
183 2192 299 2254 Idibus.
330 2192 435 2251 exilio
451 2199 501 2252 est
516 2193 593 2250 haec
608 2191 661 2252 tibi
681 2193 759 2252 festa
774 2193 851 2253 dies
949 2228 953 2233 ·

134 2275 191 2346 Te,
209 2277 392 2350 quicumque
407 2291 481 2334 suas
497 2275 658 2350 profitetur
671 2277 806 2336 vendere
820 2292 948 2351 merces,

177 2361 257 2418 Ture
274 2360 361 2428 dato,
380 2357 498 2418 tribuas
517 2365 552 2417 ut
565 2357 623 2417 sibi
640 2360 739 2432 lucra,
755 2366 936 2434 rogant

133 2441 212 2501 Est
178 2447 287 2514 taqua
299 2441 442 2500 Mercurii
456 2430 563 2516 portae
579 2441 679 2500 vicina
695 2441 851 2516 Capenae:

177 2523 210 2582 Si
226 2524 310 2584 iuvat
324 2524 460 2598 expertis
476 2523 616 2595 credere,
637 2539 750 2583 numen
764 2524 865 2584 habet

70 2615 121 2670 676
134 2607 204 2684 Huc
220 2607 304 2666 veuit
316 2607 466 2666 incinctus
479 2607 610 2665 tunicam
626 2613 789 2682 mercator,
806 2613 835 2666 et
850 2621 937 2668 uma

176 2689 275 2750 Purus
290 2706 327 2750 su
329 2691 393 2750 iiiia
401 2707 518 2764 ‚quam
533 2691 625 2764 ierat,
644 2690 746 2751 haurit
761 2706 897 2764 aquam.-

134 2773 251 2833 Udafit
264 2773 335 2832 hinc
349 2776 462 2834 laurus.
496 2775 583 2834 lauro
601 2780 787 2848 sparguntur
803 2773 841 2834 ab
859 2774 969 2834 uda

83 2883 87 2890 ·
179 2855 286 2916 Omnia
293 2873 397 2952 ‚quae
412 2857 554 2921 dominos
570 2864 643 2918 sunt
655 2856 796 2917 habitura
810 2873 921 2918 novos.

136 2937 260 3014 spargit
278 2941 330 2999 et
322 2956 390 3016 lpse
407 2957 483 3000 suos
497 2941 584 3002 lauro
599 2946 722 3000 rorante
739 2941 878 3015 capillos,

73 3030 125 3084 686
179 3022 217 3082 Et
232 3025 350 3099 peragit
365 3026 456 3084 solita
469 3024 574 3084 fauere
589 3039 667 3084 voce
680 3039 807 3098 process

103 3147 104 3150 κ
135 3105 248 3166 ‘Ablue
264 3107 418 3181 praeteriti
433 3107 566 3182 periuria
584 3108 731 3182 temporis
740 3113 761 3180 ,’
776 3106 875 3184 inquii
912 3115 920 3124 “

177 3187 288 3248 ‘Ablue
309 3191 471 3265 praeterita
485 3190 605 3264 perfida
619 3191 716 3250 verba
730 3192 794 3250 diet
828 3233 830 3238 .

135 3269 208 3331 Sive
224 3287 282 3348 ego
296 3281 327 3333 te
348 3273 407 3333 ieci
422 3280 545 3346 testem,
562 3274 681 3333 falsove
696 3274 786 3334 citavi

175 3355 243 3414 Non
258 3357 390 3418 audituri
404 3357 528 3418 numina
542 3373 652 3432 magna
666 3357 765 3418 Iovis:

68 3444 120 3499 666
136 3437 210 3498 Sive
225 3439 315 3501 deum
331 3441 575 3516 prudensaiium
590 3441 732 3500 divamve
746 3439 848 3514 refelli,
