2520 4008
431 297 434 300 Ι
484 211 513 288 1,
535 209 569 287 6,
592 209 750 296 aanor.

242 365 386 441 Spesque
400 363 479 424 levis
493 376 604 438 magno
620 363 702 424 victa
715 365 824 428 timore
838 366 930 428 cadit

146 450 261 515 calleo
275 455 378 509 temen
395 447 521 508 ulterius
538 449 702 522 quicquam
716 465 851 524 sperove
865 465 1024 526 precorve,

241 533 338 607 Quam
350 532 431 592 male
446 537 559 592 mutatu
576 545 672 606 posse
682 546 788 593 carere
802 535 883 595 1666.

196 619 260 679 Aut
275 617 351 690 hoe,
369 614 584 686 661611111661,
604 629 661 689 pro
676 631 725 676 mc
744 622 892 691 temptare
906 619 1047 680 modeste

242 702 345 761 Gratia
365 700 449 775 quod
465 699 553 759 salvo
567 706 674 759 vestra
688 699 808 774 pudore
823 707 923 774 queat.

100 854 105 860 ,
200 785 345 860 suscipe,
361 784 521 844 Romanae
535 783 694 857 facundia,
713 781 861 858 Maxime,
879 786 1009 862 linguae,

150 878 185 934 tc
240 868 381 930 Difficilis
398 877 512 926 causae
526 867 603 926 nrlto
612 868 826 940 patrocinium.

198 953 253 1013 Est
266 951 361 1026 mala,
378 949 536 1012 66611666.
563 948 619 1009 sed
634 957 664 1010 te
682 950 765 1010 bona
781 952 965 1028 detegente.

240 1035 406 1110 Leniapro
419 1035 534 1095 misera
548 1035 597 1094 lac
616 1033 709 1094 modo
730 1035 825 1094 verbe
844 1037 926 1112 luga.

200 1120 303 1180 Nescit
315 1119 396 1178 enim
410 1117 540 1194 ¹Caesar,
561 1119 701 1194 quamvis
719 1118 797 1180 deus
812 1120 913 1180 emnia
930 1119 1017 1195 norit,

242 1203 371 1264 Ultimus
385 1202 436 1262 lrlc
454 1215 517 1278 qua
531 1201 570 1264 stt
585 1201 768 1262 condicione
784 1203 882 1263 locus.

151 1295 184 1351 75
198 1287 309 1362 Magna
324 1293 427 1346 tenent
441 1286 517 1345 illud
530 1299 642 1345 nurnen
656 1283 811 1347 molimina
825 1301 941 1346 rernm:

211 1383 215 1396 ’
242 1371 325 1430 11666
342 1377 390 1431 661
404 1366 529 1430 caelesti
543 1377 669 1445 6661616
688 1384 762 1430 cura
775 1370 883 1430 minor.

200 1455 262 1515 Nec
283 1461 385 1528 66661,
403 1455 433 1514 16
450 1467 512 1529 qua
531 1453 592 1512 sint
606 1452 697 1527 positi
712 1453 838 1528 regione
852 1453 997 1528 Tomitae,

137 1570 141 1574 ·
244 1539 409 1612 Quaerere,
425 1537 552 1598 finitimo
575 1537 626 1594 vix
645 1537 712 1596 loca
729 1544 802 1599 nota
813 1537 945 1601 Getam.

111 1681 114 1686 .
199 1623 261 1682 Aut
277 1621 350 1696 quid
365 1619 567 1680 Sauromatae
583 1621 710 1696 1661661,
731 1621 805 1696 quid
821 1620 951 1697 lazyges
968 1633 1068 1695 acres,

148 1713 185 1768 80
243 1705 391 1780 Cultaque
406 1702 552 1764 Oresteae
566 1701 696 1764 Taurica
708 1709 790 1763 terra
805 1705 897 1764 deae:

201 1789 346 1864 Quaeque
360 1789 440 1848 allae
452 1791 574 1864 gentse,
592 1787 644 1848 ubi
659 1788 771 1862 frigore
787 1787 920 1848 constitit
932 1787 1044 1858 Hister,

242 1873 324 1934 Dura
337 1877 440 1932 meunt
454 1871 547 1933 celeri
560 1879 646 1946 terga
660 1887 717 1946 per
731 1873 828 1931 amnis
844 1887 935 1946 equo.

199 1956 334 2016 Maxima
354 1967 425 2034 pars
444 1954 601 2016 hominum
617 1970 675 2016 nee
690 1963 734 2029 te,
750 1955 969 2030 pulcherrima,
992 1961 1086 2028 curat,

242 2041 354 2113 Roma,
375 2051 434 2099 nec
446 2039 578 2101 Ausonii
593 2038 796 2106 militisarrna
814 2040 907 2098 timet.

149 2131 185 2186 85
199 2122 279 2183 Dant
293 2123 353 2182 illis
368 2123 488 2186 animos
503 2135 593 2184 arcus
609 2123 783 2198 plenaeque
798 2122 969 2197 pharetrae,

243 2206 401 2282 Quamque
413 2206 487 2268 libet
500 2206 602 2290 longis
617 2205 759 2266 cursibus
774 2213 864 2280 aptus
881 2217 990 2280 equus,

202 2290 353 2366 Quodque
369 2290 450 2350 sitim
464 2290 601 2352 didicere
616 2291 669 2351 diu
682 2291 814 2352 tolerare
827 2291 1010 2363 famemque,

244 2373 393 2450 Quodque
409 2389 546 2450 sequens
562 2374 661 2434 nullas
678 2373 777 2436 hostis
791 2372 915 2433 habebit
929 2387 1037 2446 aquas.
1146 2361 1168 2401 ⁸

200 2455 250 2515 Ira
262 2457 321 2515 viri
334 2457 415 2518 mitis
432 2473 494 2518 non
514 2472 563 2518 me
582 2458 719 2519 misisset
731 2457 762 2517 in
776 2456 877 2530 istam,
1155 2453 1163 2465 '

147 2545 186 2600 90
242 2538 274 2598 si
290 2541 365 2600 satis
381 2540 730 2603 1666111166161616661
748 2540 869 2602 humus.
1057 2608 1062 2622 Ι

53 2623 55 2626 ’
200 2621 341 2698 1166166,
356 2636 413 2684 nee
430 2637 616 2699 quemquam
631 2625 803 2685 Romanurn
817 2625 930 2698 gaudet
944 2621 982 2680 ab
998 2622 1095 2693 noste,

241 2705 354 2780 Meque
372 2709 488 2783 minus,
506 2709 598 2770 vitam
613 2707 662 2767 cui
677 2706 771 2766 dabat
784 2708 866 2782 1666,
883 2705 961 2780 capi.

200 2787 315 2863 Noluit,
331 2795 364 2850 ut
378 2797 512 2866 poterat,
528 2791 650 2851 minimo
668 2805 717 2850 nrc
731 2791 861 2865 perdere
881 2794 965 2851 nutu.

151 2879 157 2888 '
242 2871 290 2931 Nil
310 2888 391 2947 opus
406 2881 454 2936 cst
467 2875 537 2934 ullis
552 2873 583 2934 in
598 2889 668 2934 mea
682 2874 744 2934 lata
758 2874 851 2934 Getis.

148 2959 184 3015 95
199 2951 262 3014 Sed
268 2968 380 3032 neque,
391 2970 447 3019 cur
453 2971 598 3033 morerer,
614 2954 1129 3033 6616666661ὴί66666611661666,

242 3037 281 3097 Et
294 3040 396 3101 minus
416 3041 560 3116 infestus,
582 3056 673 3117 quarn
688 3041 758 3113 1611,
774 3056 846 3102 csse
861 3045 972 3116 potest

199 3120 283 3180 Tunc
298 3137 425 3199 quoque
438 3124 480 3184 nil
495 3124 580 3198 16611,
598 3125 657 3184 nisi
674 3125 759 3200 quod
778 3126 880 3184 faeere
895 3125 964 3198 ipse
980 3119 1082 3195 coegi=

241 3203 343 3267 Paene
359 3208 449 3267 ctiam
468 3209 576 3269 mento
591 3209 713 3283 parcior
731 3209 778 3268 ira
790 3220 861 3270 meo
875 3215 931 3266 661.

199 3287 238 3347 Di
253 3289 368 3352 iaciant
380 3291 487 3366 igitur,
505 3307 635 3368 quorum
650 3292 837 3353 iustissimus
852 3292 920 3366 ipse
930 3295 992 3363 cst,
1111 3363 1114 3366 ¹
1178 3347 1182 3353 .

129 3377 189 3432 10⁰
245 3372 335 3433 Alma
356 3374 890 3438 6116166166066666616666166616
976 3375 979 3381 '

199 3456 302 3542 thue
317 3457 371 3520 diu
387 3459 446 3519 sub
461 3463 498 3540 66
512 3459 552 3519 611
566 3457 690 3536 publica
705 3459 826 3520 sarcina
840 3469 950 3527 rerum,
