2520 4012
442 239 471 317 1,
493 239 529 316 3,
550 237 672 316 92—5‚
694 241 745 304 35.

123 410 125 415 ·
155 398 223 468 vos
243 391 376 454 animam
395 405 509 454 saevae
525 393 641 452 fessam
661 393 822 468 subducite
835 396 938 471 morti,

198 479 231 539 Si
251 476 344 538 modo
363 477 415 554 qui
431 475 522 552 periit
541 492 601 536 nou
622 477 763 552 periisse¹
774 486 885 555 potest.

511 587 708 600 --....-...........

94 611 145 712 5..
159 609 189 704 0
203 644 283 723 milri
302 649 376 721 post
394 645 475 704 ullos
494 638 660 722 numquam
679 648 877 709 memorande
894 647 1029 724 sodales,

113 787 115 790 .
200 727 224 788 0
245 729 294 788 cui
311 728 478 804 praecipue
498 744 567 790 sors
583 745 652 790 mea
671 731 738 792 visa
755 747 813 792 sua
829 739 891 810 esti

101 864 102 869 ,
155 812 324 890 Attonitum
344 811 396 886 qui
415 827 478 886 me,
496 815 632 889 memini,
652 815 822 889 carissime,
843 817 958 891 primus

198 897 303 956 Anisus
323 909 358 956 es
378 895 525 970 adloquio
543 898 728 959 sustinuisse
743 905 806 972 tuo,

128 980 215 1054 dilui
235 979 308 1040 milri
329 979 490 1041 consilium
509 979 633 1040 vivendi
652 983 724 1042 mite
740 982 862 1058 dedisti,

199 1064 273 1124 Cum
293 1064 372 1123 loret
388 1064 419 1123 in
439 1063 551 1123 misero
571 1070 696 1141 pectore
715 1066 822 1127 mortis
842 1079 937 1127 amor.

95 1221 98 1228 Ι
156 1146 225 1209 Scis
243 1146 338 1221 bene,
359 1146 408 1206 cui
427 1146 542 1222 dicam,
560 1148 670 1223 positis
689 1165 747 1224 pro
767 1150 889 1210 nomine
906 1148 1010 1224 siguis,

201 1231 342 1292 Officium
362 1244 419 1290 neo
433 1237 464 1290 te
482 1231 572 1306 fallit,
593 1232 705 1307 amice,
725 1234 820 1294 tuum.
930 1276 934 1282 .

157 1317 242 1378 Haec
258 1313 331 1374 mihi
351 1319 476 1388 semper
493 1321 581 1374 erunt
600 1316 668 1375 imis
687 1316 782 1377 infixa
796 1315 946 1390 medullis,

109 1409 143 1462 10
197 1398 430 1474 Perpetuusque
449 1397 568 1463 animae
585 1398 704 1459 debitor
721 1399 813 1462 huius
833 1415 915 1460 ero=.

160 1481 293 1558 Spiritus
313 1488 343 1541 et
357 1495 475 1542 vacuas
494 1483 580 1556 prius
597 1481 648 1544 hic
665 1485 839 1545 tenuandus
858 1484 889 1542 in
906 1497 997 1544 auras

200 1565 272 1640 ibit,
289 1571 320 1626 et
334 1565 366 1624 in
382 1564 488 1640 tepido
510 1565 633 1626 deseret
652 1582 727 1626 ossa
742 1581 829 1643 rogo,

160 1650 256 1723 Quam
276 1649 407 1708 subeant
425 1649 525 1709 animo
546 1650 721 1711 meritorum
739 1652 852 1711 oblivia
870 1655 985 1724 nostro,

201 1732 239 1792 Et
256 1733 349 1806 longa
368 1733 467 1807 pietas
486 1733 609 1793 excidat
624 1734 683 1794 ista
702 1733 761 1794 die,

111 1824 144 1879 15
159 1817 195 1878 Di
213 1815 267 1876 tibi
287 1816 347 1876 sint
366 1816 487 1888 faciles,
509 1822 540 1876 et
559 1818 628 1891 opis
649 1817 770 1878 uirilius*
781 1823 921 1893 egentem

200 1899 362 1960 Fortunam
382 1905 537 1975 praestent
552 1900 792 1977 dissimilemque
811 1916 908 1961 meae.

118 1999 121 2002 ·
161 1983 193 2044 Si
213 1991 314 2044 tamen
332 1981 411 2042 haec
430 1982 519 2044 navis
537 1991 630 2044 vento
649 1984 777 2046 ferretur
796 1985 904 2058 amico,

201 2067 396 2142 ignoraretur
413 2066 541 2126 forsitan
558 2067 617 2126 ista
634 2067 724 2127 fides.

158 2150 279 2210 Thesea
296 2149 446 2212 Pirithous
466 2146 528 2212 non
548 2157 610 2209 tam
629 2151 780 2210 sensisset
799 2147 938 2222 amicum,

108 2245 146 2299 att
200 2233 236 2300 ,Si
256 2249 317 2293 non
337 2233 473 2294 infernas
492 2235 582 2294 vivus
600 2234 717 2294 adisset
736 2245 844 2310 aquas.

158 2319 198 2383 Ut
213 2319 293 2380 foret
307 2317 480 2396 exemplum
500 2317 564 2380 veri
583 2315 723 2378 Phoceus
743 2317 866 2392 amoris,

200 2403 353 2466 Fecerunt
371 2404 480 2476 iuriae,
499 2403 593 2464 tristis
610 2400 734 2478 Oresta,
753 2409 834 2463 tuae.

160 2489 194 2550 Si
213 2505 273 2548 non
293 2487 446 2564 Euryalus
462 2487 593 2549 Rutulos
611 2487 777 2547 cecidisset
791 2486 822 2546 in
841 2485 958 2560 hosteS,

201 2571 389 2648 Hyrtacidae
402 2570 466 2631 Nisi
486 2571 584 2646 glana
599 2571 683 2632 nulla
701 2571 790 2632 soret.

108 2661 144 2718 25
159 2654 282 2716 Scilicet
297 2661 331 2716 ut
349 2655 465 2716 iulvurn
485 2661 641 2731 spectatur
658 2655 689 2712 in
706 2653 825 2729 ignibus
842 2666 958 2724 aurum,

201 2741 351 2814 Tempore
369 2739 415 2799 sic
435 2739 512 2799 duro
532 2745 581 2798 est
598 2735 790 2811 inspicienda
808 2733 898 2794 fides.

160 2822 240 2882 Dum
258 2824 342 2882 iuvat
360 2828 392 2882 et
408 2822 492 2882 vultu
510 2820 590 2880 ridet
602 2819 736 2880 Fortuna
751 2831 871 2891 sereno,

200 2904 387 2965 ludelibatas
408 2913 518 2966 cuncta
538 2910 708 2980 sequuntur
725 2918 816 2978 opes:

158 2989 200 3050 at
216 2989 306 3050 simul
325 2989 470 3064 intonuit,
490 2988 622 3064 lugiunt,
643 3002 701 3047 nec
717 2987 854 3048 noscitur
870 2984 933 3056 ulli,

109 3081 146 3136 30
200 3072 383 3148 Agmiuibus
402 3069 545 3134 comitum
566 3073 621 3148 qui
633 3071 726 3132 modo
744 3071 861 3130 cinctus
881 3073 955 3128 erat.

157 3157 262 3233 Atque
279 3156 374 3230 haec,
388 3157 545 3233 exemplis
566 3155 721 3232 quondam
741 3155 869 3216 collecta
885 3150 1032 3227 priorum,

200 3239 287 3318 Nunc
305 3239 379 3299 milri
397 3247 469 3301 sunt
485 3240 618 3316 propriis
642 3239 764 3314 cognita
781 3253 857 3296 vera
871 3234 971 3294 malis.

148 3323 221 3383 Vix
240 3323 301 3390 duo
319 3330 424 3384 tresve
442 3322 515 3383 mihi
535 3323 575 3384 de
593 3329 638 3382 tot
656 3322 825 3398 superestis
846 3317 951 3378 amici:

204 3405 312 3468 Cetera
326 3405 496 3481 Fortunae,
515 3423 578 3467 non
591 3421 660 3467 mea
675 3406 764 3466 turba
780 3405 844 3464 luit.

109 3497 145 3552 35
157 3489 227 3564 Quo
243 3489 359 3566 magis,
380 3507 399 3552 o
417 3491 523 3566 pauci,
544 3490 635 3550 lassis
653 3489 821 3552 succurrite
835 3483 938 3576 celtus,
