2520 4012
107 205 149 266 oa
193 249 195 256 ,
501 171 726 266 salarium
787 203 788 206 ‘

192 423 194 426 .
233 357 384 419 Immunes
398 355 473 416 tanti
487 371 544 416 neo
558 355 637 416 siuet
651 371 722 416 esse
736 353 818 414 boui.

192 442 389 516 invenietque
404 439 532 514 animus,
551 455 733 516 quaeamus
748 445 866 514 spectet
879 439 1030 506 eburnos:

232 524 283 586 Sic
299 529 379 589 certe
395 523 538 600 lupatria
552 524 715 598 perbreve
731 529 851 598 ternpus
866 538 929 582 aro.
979 567 985 572 -

147 617 181 670 65
193 609 276 669 Vero
288 615 388 668 tamen
404 607 508 682 capiet,
518 607 650 686 populus
666 607 844 680 spectacula
858 607 941 682 felix,

125 749 127 751 ,
232 691 386 766 Laetaque
402 691 457 753 erit
470 704 618 764 praesens
635 705 703 748 cum
719 689 797 748 duce
811 689 900 750 turba
914 706 981 752 suo.

191 776 232 836 At
241 775 318 834 mihi
332 775 457 848 fingenti
470 779 585 834 tantum
600 773 753 850 longeque
767 781 884 834 remoto

147 883 148 886 ¹
229 858 363 918 Auribus
379 857 429 915 hic
444 857 558 920 fructus
573 855 790 933 percipIendus
807 857 871 931 erit,

185 943 294 1016 Atque
310 940 417 1016 procul
431 939 517 1000 Latio
534 936 689 998 diversum
700 941 816 1000 missus
831 940 861 998 in
878 939 982 1002 orbem

151 1035 186 1090 lo
238 1023 293 1098 Qui
308 1029 409 1083 narret
424 1023 546 1098 cupido,
571 1023 622 1084 uix
637 1022 701 1098 erit,
723 1023 782 1103 ista
795 1024 878 1084 mihi.

191 1108 221 1166 Is
238 1121 361 1182 quoque
376 1107 435 1168 iam
451 1122 553 1166 serum
567 1105 677 1170 referet
693 1115 891 1184 veteremque
903 1109 1098 1185 triumphum.

235 1191 304 1265 Quo
315 1198 415 1251 tamen
431 1191 557 1253 atldieru
572 1195 718 1269 tempore,
740 1193 839 1253 laetus
854 1206 918 1252 ero.

192 1273 247 1334 llla
262 1275 328 1336 dies
345 1275 452 1348 veniet,
475 1289 543 1340 mea
559 1289 620 1350 qua
633 1273 772 1357 lugubria
786 1291 908 1350 ponam,

237 1358 398 1433 causaque
412 1359 533 1433 privata
547 1357 671 1434 publico
685 1359 782 1420 maior
797 1359 861 1420 erit.

136 1489 176 1580 3·
195 1489 488 1598 Magnentianae
503 1525 595 1596 ierac,
620 1539 747 1601 quarum
760 1524 842 1600 regis
858 1525 955 1590 altem
966 1518 1082 1596 Graias,
1134 1527 1136 1530 ’

200 1622 202 1626 ·
235 1609 338 1667 Altera
353 1604 506 1679 Sidonias,
528 1611 657 1682 utraque
672 1607 764 1682 sicca,
783 1614 879 1669 rates!

194 1689 302 1752 Omnia
316 1705 382 1750 cum
399 1707 518 1756 summo
534 1692 656 1766 positae
669 1691 800 1754 videatis
815 1691 846 1755 in
862 1707 929 1766 axe,
993 1755 996 1760 ,

233 1776 271 1834 Et
285 1774 377 1836 maris
393 1775 539 1836 occiduas
554 1791 616 1842 uon
632 1775 767 1837 subeatis
781 1792 888 1852 aquas,
923 1822 925 1824 -

165 1858 429 1932 5Aetheriamque
444 1859 508 1919 suis
524 1859 650 1934 cingens
666 1860 858 1935 amplexibus
873 1875 983 1920 arcem

234 1944 346 2003 Vester
359 1942 404 2002 ab·
414 1942 526 2012 intacta
541 1943 671 2008 circulus
687 1950 770 2005 extet
783 1945 890 2004 humor
1091 1939 1096 1946 '

144 2094 153 2100 ,
194 2027 332 2102 Aspicite
346 2026 406 2100 illa,
429 2042 548 2102 precor,
572 2043 651 2102 quae
666 2023 728 2088 non
743 2027 822 2088 benc
836 2027 957 2094 moenia
972 2025 1129 2102 quondam

183 2165 186 2170 .
234 2110 349 2171 Dicitur
362 2109 474 2172 iliades
488 2111 680 2176 transiluisse
694 2112 818 2186 Remus,
1110 2184 1112 2188 y

176 2218 178 2220 ’
195 2193 290 2268 Inque
304 2210 403 2255 meam
417 2195 529 2256 nitidos
546 2195 699 2257 dominam
713 2195 880 2256 convertite
895 2195 1005 2266 vultus,
1026 2241 1027 2244 ,

151 2287 184 2340 10
235 2277 341 2354 Sitque
355 2293 471 2338 memor
485 2280 581 2340 nostri
596 2295 701 2357 neone,
720 2280 831 2340 referte
847 2279 930 2338 mihi.

195 2359 230 2443 Ei
245 2361 326 2432 mihi,
350 2377 412 2434 our,
435 2363 559 2425 nimium
575 2379 654 2440 quae
669 2369 739 2422 sunt
753 2361 923 2445 manilestu,
942 2360 1087 2438 requiret

236 2445 296 2508 Cur
310 2444 392 2505 labat
401 2441 547 2520 ¹ambiguo
564 2463 638 2522 spes
652 2447 725 2506 mihi
740 2447 834 2509 mixta
848 2453 951 2518 metui

197 2529 293 2590 crede
310 2529 392 2603 quod
408 2535 463 2604 est,
487 2530 647 2604 quodvis,
670 2547 707 2590 ac
723 2531 830 2590 desine
844 2537 908 2596 tuta
921 2528 1030 2603 vereri,

234 2613 342 2688 Deque
356 2613 418 2672 lide
432 2620 515 2674 certa
529 2615 567 2676 sil
581 2615 634 2676 tibi
650 2622 731 2675 certa
747 2615 836 2674 fides.

154 2709 186 2762 15
199 2697 349 2772 Quodque
363 2697 435 2772 polo
450 2697 531 2760 fixae
545 2704 699 2774 nequeunt
714 2697 767 2757 tibi
782 2695 1049 2770 discretionum,
1135 2749 1138 2753 .

175 2783 178 2786 '
215 2813 216 2816 =
234 2781 301 2840 Non
316 2781 477 2844 mentitura
491 2789 523 2841 lu
537 2783 591 2842 tibi
606 2797 684 2842 voce
699 2783 799 2846 rolens
817 2845 821 2854 ,

194 2865 273 2926 Esse
287 2865 329 2923 tui
343 2878 517 2937 memorem,
542 2866 581 2925 de
597 2883 658 2940 qua
671 2865 724 2927 tibi
739 2864 871 2943 maxim-a
886 2879 959 2924 cura
974 2870 1030 2940 est,
1084 2934 1087 2938 ,

237 2947 386 3022 Quodque
400 2954 516 3023 potest,
540 2964 645 3010 seeum
660 2965 771 3009 nomen
786 2949 900 3012 habere
913 2953 1008 3008 tuum

195 3029 337 3092 vultibus
352 3031 403 3090 illu
417 3031 475 3092 tuis
490 3038 644 3107 tamquam
659 3033 874 3108 praesentibus
888 3031 1021 3092 haerete

151 3135 186 3187 ill
237 3116 342 3189 Teque
356 3122 472 3176 remota
488 3117 604 3191 procul,
626 3117 652 3176 si
666 3118 760 3177 modo
774 3117 857 3187 vivit,
879 3121 968 3176 amat.
1005 3143 1008 3149 κ
1094 3160 1096 3164 .

197 3195 325 3275 Ecquid,
347 3197 398 3258 ubi
413 3199 547 3261 incubuit
562 3201 642 3260 iusto
657 3217 743 3260 mens
759 3217 853 3276 aegra
868 3198 976 3270 dolori,

237 3282 329 3344 Lenis
345 3281 383 3342 ab
399 3283 553 3343 admonito
570 3291 695 3358 pectore
710 3300 837 3346 somnus
853 3283 937 3344 abit?
1013 3305 1015 3310 ’

197 3369 279 3426 Tunc
294 3365 425 3426 subeunt
440 3382 540 3440 curae,
563 3368 635 3429 dum
648 3374 678 3427 te
693 3368 852 3444 lectusque
866 3368 1017 3440 locusque

235 3447 350 3523 Tangit,
372 3455 401 3510 el
416 3448 539 3510 oblitam
553 3467 616 3513 non
631 3449 701 3511 sinit
716 3451 871 3525 sesemel,
