2520 4012
504 204 555 278 tv,
579 201 607 277 1,
630 201 762 266 17-92.
1091 199 1132 264 59

144 370 182 422 15
194 361 305 436 Meque
320 361 366 417 tot
381 355 521 416 adversis
536 357 698 427 cumulant,
715 363 789 429 quot
816 355 885 415 titus
901 369 1020 428 arenas,

240 443 382 517 Quotque
397 439 505 499 iratum
520 439 633 514 pisces,
650 453 771 512 ovaque
788 439 882 512 piscis
897 437 997 498 habet.

195 523 281 586 *Vere
295 526 381 602 prius
398 523 502 598 tiores,
518 528 607 582 aestu
621 520 798 581 numerabis
813 523 933 595 aristas,

240 609 335 670 Poma
349 623 406 682 per
421 611 605 676 autumnum,
620 604 848 679 frigoribusque
862 605 960 678 nives,

201 693 296 767 Quam
310 693 400 765 maia,
415 703 495 766 qnae
508 696 573 750 toto
588 689 688 764 patior
702 689 829 748 iactatus
845 690 874 747 in
891 689 974 762 orbe,

151 781 188 835 60
240 777 318 837 Dum
331 776 425 834 miser
439 773 550 833 Euxini
564 772 654 832 litora
667 773 755 832 laeva
769 779 850 846 pcto.
1015 847 1017 852 Ι

201 860 264 918 Nec
279 867 388 931 tamon,
404 865 437 916 ut
450 857 530 928 veni,
546 849 644 916 levior
659 855 781 915 fortuna
794 857 943 916 malorum
959 861 1020 915 est:

241 942 308 1002 Huc
324 952 449 1016 quoque
464 945 535 1000 sunt
548 946 672 998 nostras
687 941 749 998 iata
764 945 871 999 secuta
883 942 961 1000 vias.

201 1025 258 1085 Hic
273 1039 398 1100 quoque
413 1035 570 1098 cognosco
587 1022 696 1082 natatis
712 1025 843 1082 stamina
857 1024 962 1094 nostri,

243 1107 378 1168 Stamina
392 1107 432 1166 de
446 1107 536 1181 nigro
553 1109 668 1166 vellere
682 1107 763 1166 sacta
774 1106 856 1166 mihi.

150 1201 185 1256 65
199 1191 300 1266 thue
313 1206 371 1250 nec
386 1189 514 1250 insidias
529 1190 701 1265 cupitisque
715 1191 853 1263 pericula
866 1204 994 1265 narrem,

242 1275 326 1335 Vera
341 1271 473 1350 quidem,
488 1274 554 1333 veri
570 1274 627 1332 sed
641 1272 784 1347 graviora
798 1273 875 1333 fida:

200 1359 314 1418 Vivere
329 1369 420 1434 quam
434 1357 579 1418 miserum
594 1364 641 1418 cst
655 1357 733 1416 inter
746 1355 926 1433 Bessosque
942 1357 1095 1433 Getasque

240 1443 336 1516 Iliun,
352 1441 404 1518 qui
420 1442 527 1516 populi
543 1455 665 1515 semper
678 1441 709 1499 in
726 1456 780 1501 ore
796 1442 865 1501 iuitt

203 1525 297 1600 Quam
311 1526 456 1586 miserum
471 1532 528 1599 est,
544 1531 633 1600 porta
646 1525 739 1584 vitam
754 1540 903 1600 muroque
917 1526 1004 1598 tueri,

151 1615 188 1671 70
231 1610 364 1684 ,vixque
379 1609 427 1668 sui
442 1615 540 1669 tutum
553 1609 671 1668 utribus
686 1623 758 1668 esse
772 1609 847 1668 loci!

198 1695 320 1766 Aspera
333 1692 456 1752 miiitiae
471 1692 591 1754 iuvenis
607 1693 772 1751 certamina
786 1693 859 1768 iugi,

234 1775 296 1836 Nec
311 1775 370 1838 nisi
385 1776 490 1836 lusura
504 1775 654 1836 movimus
670 1791 754 1835 arma
767 1792 869 1837 manu.

196 1857 281 1918 Nunc
296 1859 400 1920 senior
413 1858 578 1935 gladioque
593 1860 672 1919 tatus
687 1868 839 1936 scutoque
854 1859 1016 1936 sinistram,

240 1943 384 2002 Canitiem
399 1943 506 2018 galeae
521 1943 702 2018 subicioque
717 1959 825 2004 meam.

76 2040 81 2050 ¹
156 2025 277 2088 15111111
292 2025 375 2086 dedit
389 2041 407 2085 e
422 2028 548 2102 specula
563 2034 670 2087 custos
684 2027 737 2086 ubi
752 2028 839 2102 signa
854 2027 1007 2100 tumultus,

240 2109 396 2170 Induimus
410 2109 532 2186 trepida
546 2109 686 2186 protinus
705 2125 789 2170 arma
802 2125 903 2170 manu.

198 2193 313 2266 Hostis,
335 2192 452 2254 habens
467 2207 558 2255 arcus
572 2194 749 2269 imbutaque
762 2195 823 2254 tela
838 2209 967 2268 veneno,

237 2275 356 2337 Saevus
371 2277 525 2338 anhelanti
539 2278 660 2337 moenia
675 2279 783 2358 instrat
797 2291 888 2353 equo.

199 2359 300 2435 thue
312 2376 411 2436 rapax
425 2363 586 2436 pecudem,
610 2377 689 2437 qnae
703 2377 763 2421 non
779 2377 814 2422 se
828 2362 903 2422 texit
918 2364 999 2439 ovili,

157 2451 211 2504 tto.
244 2443 301 2503 Per
316 2451 391 2517 1111,
414 2458 471 2521 per
484 2447 579 2506 siivas
594 2446 712 2522 fertque
726 2445 877 2522 trahitque
891 2447 997 2522 lupus=

200 2525 259 2600 Sic,
281 2527 401 2604 siquem
415 2529 551 2590 nondum
566 2537 721 2606 portarurn
735 2540 811 2606 sepe
824 2537 980 2604 receptum

237 2610 391 2692 Barbarus
406 2613 435 2671 in
452 2615 569 2689 campis
584 2613 718 2688 repperit
731 2613 839 2685 nostis,
861 2613 932 2687 agit.

198 2696 260 2755 Aut
274 2695 413 2770 sequitur
428 2704 537 2772 captus
552 2697 752 2771 coniectaque
768 2696 889 2756 vincula
903 2697 983 2756 coilo

240 2779 370 2854 Accipit,
392 2788 444 2843 aut
457 2781 517 2841 telo
535 2782 621 2840 vinus
634 2777 766 2839 habente
781 2779 868 2855 perit.

153 2861 257 2924 85Η11
272 2877 330 2937 ego
346 2865 495 2924 sotticitae
510 2865 596 2925 iaceo
612 2877 712 2924 novus
727 2863 828 2925 incola
842 2863 943 2924 sedis=

214 3009 216 3011 ,
237 2945 305 3006 Heu
318 2945 445 3008 nimium
459 2949 511 3008 tati
524 2956 664 3024 tempora
678 2949 759 3006 lenta
772 2947 847 3007 nteit

120 3038 123 3041 ⁴
198 3027 236 3088 111
250 3035 352 3089 tamen
365 3031 407 3091 ad
420 3045 565 3093 numeros
581 3031 767 3107 antiquaque
783 3041 872 3091 sacra
885 3031 998 3091 reverti

241 3109 380 3174 Sustinet
390 3115 422 3174 in
436 3115 528 3176 tantis
542 3115 666 3190 hospita
679 3115 768 3176 Musa
783 3113 886 3174 maiis!

196 3193 258 3254 Sed
271 3211 384 3272 ¹neque
401 3199 450 3260 cui
470 3200 609 3271 recitem,
633 3197 796 3273 quisquam
818 3199 878 3270 cst,
902 3213 970 3258 mea
992 3198 1134 3270 carmina,

154 3283 192 3340 91)
241 3277 376 3342 Auribus
392 3281 523 3356 accipiat
537 3281 633 3341 verba
645 3281 751 3340 Latina
766 3281 840 3342 suis.
998 3281 1068 3357 [nec
1084 3281 1136 3355 qui

196 3359 272 3436 lpsc
282 3363 390 3424 mihi...
407 3366 481 3441 quid
495 3367 575 3424 enim
591 3365 758 3426 iactam?m
774 3364 938 3439 seriboque
952 3364 1093 3436 legeque,

238 3443 376 3524 Tutaque
391 3449 504 3512 indicio
519 3449 617 3510 littera
631 3455 737 3515 nostra
751 3464 807 3508 suo
823 3455 879 3507 est.
