2454 4004
159 233 222 298 aaa
333 271 334 275 a
539 187 791 308 rxsr'oaun

236 385 361 460 “Quod
371 383 467 460 petis,
484 378 623 444 Oleniis”
638 383 764 459 inquam
780 375 1009 446 “inibimissus
1025 381 1067 444 ab
1083 383 1167 445 arvis

180 491 182 496 ·
281 469 354 529 Flos
371 465 463 528 dabit.
493 474 540 526 est
554 465 650 526 hortis
666 467 774 526 unicus
790 465 840 524 ille
855 464 940 524 meis.
1014 469 1016 472 ’

241 553 298 628 Qui
318 547 411 614 dabat
432 549 577 613 “illoc”
600 549 676 610 dixit
689 549 863 610 “‘sterilem
879 564 1004 624 quoque
1018 556 1116 624 tange
1136 551 1173 612 iu·

583 675 585 678 -
864 647 1037 706 renuam„

281 719 379 780 Mater
394 720 498 779 eriam
527 716 631 792 Tetigi,
646 732 703 776 nec
717 733 811 790 rnora,
827 703 923 776 nrat'er
936 721 1038 777 erat.”

173 803 379 880 tttProtluus
397 803 573 862 haerentem
588 801 730 875 decerpsi
748 799 861 876 pollice
875 797 999 862 liorem:

280 887 440 962 Tangitur,
463 892 493 946 et
506 893 594 946 tacto¹
605 885 740 959 concipit
755 884 806 944 illa
820 885 899 944 sinu.

238 971 365 1046 Iamque
381 970 486 1046 gravis
500 969 636 1030 Thracen
652 976 682 1028 et
695 969 785 1028 laeva
798 967 1003 1042 Propontidos
1019 967 1122 1038 intrat,

217 1111 224 1118 .
281 1053 390 1130 Fitque
404 1062 514 1130 potens
531 1043 607 1126 uoti,
626 1053 771 1127 Marsque
787 1059 908 1111 creatus
923 1057 997 1112 erat.
1019 1090 1022 1094 -

239 1137 296 1212 Qut
310 1153 427 1200 mernor
442 1139 559 1212 accepti
574 1152 630 1212 per
648 1147 701 1197 rnc·
712 1136 820 1195 natalis
835 1133 977 1194 “Habeto

172 1233 224 1288 260
279 1223 324 1284 lu
339 1237 462 1299 quoquo
477 1223 650 1304 Romulea”
667 1221 743 1280 dixit
757 1219 813 1278 “in
829 1219 903 1280 urbe
919 1219 1057 1279 locurn.”

237 1303 377 1369 Forsitan
393 1305 551 1366 inueneris
566 1311 681 1366 tanturn
696 1319 764 1364 rnea
778 1319 873 1377 regna
889 1303 1011 1362 coronis

277 1389 357 1450 Esse
371 1397 470 1466 putes.
485 1389 583 1463 tangit
596 1403 708 1448 numen
723 1395 754 1447 et
767 1403 842 1446 arva
855 1384 968 1444 menta.¹
988 1398 991 1402 ’

238 1471 272 1533 Si
285 1473 365 1534 bene
380 1473 537 1534 floruerint
552 1480 688 1546 segetes,
712 1473 768 1532 erit
782 1485 854 1530 area
873 1469 975 1528 divas:

189 1602 192 1608 ,
279 1557 313 1618 si
326 1557 405 1618 bene
422 1556 560 1617 floruerit
573 1557 673 1630 vinea,
687 1554 829 1615 Bacchus
845 1554 909 1626 erit,

172 1649 222 1706 265
238 1639 272 1701 Si
288 1641 365 1701 bene
379 1639 537 1701 floruerint
552 1641 648 1714 oleae,
674 1639 873 1700 nitidissimus
890 1653 1003 1698 annus:
1073 1697 1075 1701 ,

278 1723 433 1799 Pomaque
447 1731 629 1800 proventum
643 1725 790 1799 temporis
805 1723 896 1783 huius
912 1719 1033 1780 babent.

236 1805 326 1868 Flore
341 1810 436 1868 semel
452 1809 538 1868 laeso
554 1807 683 1883 pereunt
698 1807 857 1882 viciaeque
872 1805 1031 1880 fabaeque,

276 1891 314 1952 Et
328 1899 457 1968 pereunt
470 1894 582 1964 lentes,
604 1892 726 1952 advena
739 1891 813 1966 Nile,
828 1899 908 1952 tuae.
1054 1909 1057 1914 ·

176 1983 178 1987 ’
236 1975 317 2036 Vina
332 1991 456 2052 quoquc
472 1976 502 2035 in
513 1976 636 2050 magnis
651 1991 783 2050 operose
798 1975 920 2034 condita
938 1973 1023 2034 cellis

170 2061 223 2118 nto
277 2057 407 2133 Floreat,
431 2068 461 2119 et
475 2060 606 2120 nebulae
621 2060 705 2120 dolia
718 2072 836 2120 surnnna
851 2065 964 2132 tegunt.

236 2143 327 2204 Mella
340 2159 442 2215 meum
456 2159 576 2204 munus.
606 2145 749 2210 volucres
763 2159 821 2218 ego
836 2143 926 2202 mella
941 2142 1065 2201 daturas

276 2225 326 2288 Ad
340 2227 452 2287 violam
467 2235 497 2288 et
511 2228 629 2304 cytisos
645 2233 677 2288 et
688 2227 793 2304 thyma
808 2242 885 2286 cana
902 2241 988 2284 voco.

235 2311 298 2370 llos
314 2326 440 2386 quoque
453 2311 536 2374 idem
551 2311 679 2372 iacintus
694 2315 774 2386 tunc,
790 2326 860 2370 cum
874 2309 1066 2370 iuvenalibus
1080 2308 1167 2367 arinis

275 2393 440 2454 Luxuriant
455 2395 560 2466 animi,
585 2410 777 2470 corporaque
792 2395 861 2470 ipsa
876 2393 1001 2467 vigent!

169 2482 219 2538 275
234 2477 317 2536 Talia
332 2477 472 2554 dicenten
486 2479 594 2542 tacitus
609 2479 749 2538 mirabar.
777 2479 883 2540 Atilia

279 2560 342 2622 ‘lus
357 2560 410 2621 tibi
425 2561 574 2634 discendi,
591 2561 681 2638 siqua
688 2563 838 2638 'requiris’
854 2563 904 2621 ait.

236 2645 303 2704 ‘Dic
319 2645 406 2718 dea,’
427 2645 580 2720 respondi
592 2647 747 2707 ‘ludorum
761 2661 841 2721 quae
856 2647 895 2705 sit
910 2644 1018 2718 origo?

276 2729 336 2789 Vix
349 2727 429 2789 bene
445 2729 612 2802 desieram,
633 2731 748 2790 rettulit
760 2731 810 2790 illa
825 2730 915 2789 millia
1065 2801 1067 2803 ,

234 2813 355 2873 ‘Cetera
369 2813 508 2875 luxuriae
522 2814 656 2874 nondunr
671 2815 871 2876 instrumenta
884 2811 1047 2886 vigebant:

166 2901 218 2956 280
273 2899 335 2957 Aut
349 2913 462 2972 pecus,
485 2905 538 2959 aut
552 2900 642 2960 latam
657 2899 745 2959 dives
760 2897 893 2959 babebat
906 2895 1041 2956 humum.

232 2979 310 3038 Hinc
326 2981 415 3040 etiam
430 2983 586 3058 locuples,
609 2982 680 3042 hinc
695 2984 765 3058 ipsa
779 2981 912 3058 pecunia
927 2980 1008 3040 dicta
1023 2986 1081 3038 est.

238 3066 242 3075 “
272 3061 335 3123 Sed
349 3063 408 3122 iarn
425 3066 464 3126 de
479 3068 572 3128 vetito
588 3067 720 3142 quisque
734 3066 864 3142 parabat
878 3078 965 3139 opes.

232 3145 368 3222 Venerat
381 3148 411 3208 in
426 3165 543 3210 morem
557 3151 665 3226 populi
679 3151 848 3226 depascere
863 3149 970 3222 saliua,

261 3229 367 3302 idque
381 3233 434 3292 din
452 3235 548 3306 licuit,
570 3248 734 3308 poenaque
748 3235 833 3294 nulla
851 3233 917 3293 luit.

166 3317 217 3372 985
231 3311 363 3372 Vindice
378 3315 522 3376 servabat
536 3318 618 3378 nullo
635 3334 694 3378 sua
708 3317 831 3392 publiea
846 3317 973 3390 volgus:
1068 3348 1071 3350 -

271 3395 397 3472 Iamque
412 3399 443 3458 in
458 3400 577 3473 privato
592 3416 722 3476 pascere
736 3401 841 3462 inertis
857 3407 943 3464 erat..

232 3476 333 3537 Plebis
349 3477 391 3538 ad
405 3482 521 3543 aediles
537 3485 688 3559 perducta
703 3484 825 3545 licentia
837 3483 907 3544 talis
