2524 4004
149 233 209 304 roa
541 224 766 295 nxlronro

231 387 330 450 Crede
344 390 456 447 tamen.
485 396 543 442 neo
558 385 588 440 te
604 393 714 438 oausas
729 377 850 438 nescire
867 377 1014 454 sinemus

272 467 405 530 Horrida
419 465 620 528 Sarmaticum
635 477 689 522 our
702 475 785 521 mare
801 459 889 522 duret
902 462 1012 524 hiems.
1105 481 1112 506 τ

228 553 373 614 Proxima
385 557 457 614 sunt
472 548 561 611 nobis
575 546 705 624 plaustri
719 544 899 621 praebentia
915 547 1045 608 formam

179 645 215 701 lo
270 638 308 698 Et
323 651 401 713 quae
415 633 615 712 praecipuum
629 630 732 690 sidera
747 628 842 706 frigus
859 629 984 692 habent.

121 791 123 795 ⁸
229 721 308 799 Hine
328 721 423 781 oritur
436 717 563 790 boreas,
580 729 715 790 oraeque
735 713 921 786 domesticus
937 715 1008 778 hui-o
1023 722 1079 792 est,

270 805 309 865 Et
323 804 415 865 sumit
428 801 510 862 vires
531 818 549 864 a
562 798 709 875 propiore
722 797 802 858 loeo.

229 890 271 949 At
284 895 393 961 notus,
409 886 542 950 adverso
557 883 680 958 tepidus
699 881 753 957 qui
773 879 871 957 spirat
888 882 925 941 ab
941 899 1008 958 axe,
1068 935 1071 939 .

155 991 158 996 ’
228 963 229 966 ’
272 972 329 1032 Est
342 968 465 1046 procul,
483 975 512 1028 et
526 983 612 1028 rarus
633 965 867 1042 languidiorque
882 967 974 1028 venit.
1037 1001 1038 1004 =

86 1127 87 1134 ἵ
133 1093 136 1098 -
180 1059 216 1118 45
230 1054 322 1116 Adde
338 1053 422 1128 quod
437 1051 488 1113 hie
503 1053 608 1114 olauso
627 1049 795 1111 miscentur
811 1048 1057 1130 iluudnaPonto,

271 1139 404 1214 Vimque
419 1138 529 1199 fretum
542 1135 637 1196 multo
655 1132 758 1210 perdit
777 1133 815 1194 ab
831 1150 920 1195 enine
937 1151 1034 1196 suam.
1258 1171 1259 1218 1

179 1230 180 1235 ’
229 1217 1167 1298 HuoLyaus,lruoSagarisPeniusqueHypanisqueCalesque

42 1306 43 1310 ’
156 1351 157 1357 1
273 1305 375 1367 Iniluit
391 1311 420 1366 et
435 1303 542 1366 erebro
557 1303 671 1363 vertioe
685 1307 783 1364 tortus
797 1302 907 1382 Halys,

230 1389 473 1465 Partheniusque
487 1403 600 1464 repar,
618 1391 648 1446 et
661 1386 791 1448 volvens
807 1403 884 1448 saxa
900 1387 1042 1464 canopos

180 1481 216 1536 50
270 1473 408 1548 Labitur,
427 1478 457 1534 et
470 1472 552 1534 nullo
569 1471 686 1533 tardior
705 1485 796 1530 amne
808 1471 922 1549 Tyras:
1040 1539 1043 1546 ,

228 1558 267 1617 Et
283 1565 331 1632 tu,
349 1556 498 1616 femineae
511 1554 706 1614 Thermodon
723 1553 846 1629 cognite
864 1561 991 1630 turmae,

271 1641 309 1700 m
327 1638 482 1717 quondan
498 1638 596 1700 Graiis
609 1637 702 1701 Phasi
718 1638 810 1714 petite
830 1638 921 1700 viris=
1031 1674 1035 1678 v
1258 1679 1259 1706 q

231 1723 367 1800 Cumque
384 1721 590 1802 Borysthenio
606 1721 828 1798 liquidissimus
845 1738 934 1784 amne
949 1721 1102 1799 Lyeastus
1150 1744 1152 1746 ·
1258 1711 1259 1744 ³

271 1808 309 1868 m
323 1807 414 1868 tacite
429 1821 582 1884 peragens
602 1809 671 1866 lene
684 1804 857 1868 Melanthus
872 1807 943 1868 item
1258 1811 1259 1822 ¹

182 1891 350 1967 biduique
367 1892 445 1951 duas
465 1897 580 1966 terras,
599 1890 707 1954 Asiam
726 1890 893 1967 Cadmique
908 1905 1048 1952 sororem

274 1975 403 2050 Separat
418 1981 447 2036 et
467 1989 576 2037 aursus
591 1975 671 2036 inter
685 1981 846 2050 utramque
862 1974 947 2036 lacit:
1043 2041 1045 2046 ¹

230 2059 446 2133 innumerique
465 2057 530 2131 alii,
548 2073 628 2135 quos
645 2059 722 2118 inter
736 2059 888 2122 maximus
906 2072 1013 2118 omnes

170 2211 176 2216 ,
274 2143 388 2220 Cedere
401 2141 559 2204 Danubius
575 2158 610 2203 se
625 2141 693 2218 tibi,
708 2142 789 2218 Nile,
805 2148 906 2218 negat.
1113 2201 1114 2206 ,

232 2227 327 2302 Copia
341 2231 387 2287 tot
399 2226 536 2302 laticum,
558 2242 635 2302 quas
651 2231 758 2302 auget,
776 2225 925 2288 adulterat
938 2227 1048 2300 undas,

179 2318 216 2373 60
271 2311 334 2370 Neo
347 2310 460 2384 patitur
474 2309 556 2370 uires
575 2325 693 2386 aequor
707 2308 822 2371 habere
836 2325 921 2372 suas.

231 2394 308 2468 Quin
324 2393 430 2468 etiam,
449 2400 557 2468 stagno
576 2393 682 2454 similis
697 2395 865 2469 pigraeque
879 2393 994 2470 paludi,

272 2477 438 2538 Caeruleus
459 2476 512 2534 vix
526 2483 574 2538 est
588 2477 782 2554 diluiturque
794 2479 890 2539 eolor.
1258 2527 1259 2540 ,

230 2561 348 2621 Innatat
361 2559 445 2622 unda
459 2560 536 2621 heta
552 2560 667 2636 duleis,
683 2561 843 2637 leviorque
859 2562 976 2622 marine
992 2568 1048 2634 est,
1131 2625 1138 2637 ,
1258 2563 1259 2574 ’

273 2644 357 2718 Quae
371 2643 529 2720 proprium
544 2645 639 2706 mixto
654 2645 694 2705 de
710 2644 776 2706 sale
791 2644 913 2720 pondus
927 2644 1028 2706 habet.

181 2735 215 2792 65
230 2727 263 2789 Si
277 2727 582 2804 rogethaeealiquis
598 2745 652 2788 eur
666 2729 726 2788 sint
740 2736 862 2791 narrata
874 2728 1000 2802 Pedoni,

272 2811 390 2886 Quidve
405 2811 491 2888 loqui
510 2813 601 2873 certis
619 2813 729 2874 iuverit
746 2813 806 2874 ista
820 2811 943 2874 modist

224 2895 366 2976 Darinoi,
386 2893 501 2969 diram,
520 2902 642 2972 ternpus
663 2911 816 2972 aurasque
835 2896 937 2958 lelelli.

272 2977 361 3038 Hune
376 2978 507 3039 fructum
521 2995 671 3056 praesens
688 2980 784 3041 attulit
799 2981 877 3041 bora
890 2979 972 3038 mihi.

230 3060 371 3120 Aluimus
387 3061 493 3136 solito,
510 3062 583 3124 dum
599 3063 760 3126 scribimus
775 3064 848 3138 ista,
871 3063 987 3136 dolore,

179 3153 215 3208 'to
269 3142 302 3202 In
318 3144 426 3204 mediis
446 3162 503 3208 neo
520 3163 577 3210 nos
598 3147 752 3212 sensimus
767 3162 839 3208 esse
855 3147 948 3208 Getis.
991 3213 993 3218 ,
1154 3211 1158 3217 ,

228 3229 268 3287 At
282 3234 330 3301 tu,
348 3243 409 3288 non
425 3229 547 3306 dubito,
564 3247 633 3296 etun
647 3232 781 3294 carmine
795 3231 919 3294 Thesea
931 3228 1048 3303 laudes,
1258 3257 1259 3300 ς

267 3310 412 3371 Materiae
427 3313 529 3375 titulos
545 3316 619 3391 quin
632 3322 736 3378 tueare
749 3323 829 3390 tuoe,

229 3394 386 3469 Quemque
400 3395 506 3470 refers,
527 3397 643 3462 imitere
656 3400 764 3464 virum.
797 3403 890 3462 Vetat
904 3399 954 3459 ille
969 3395 1108 3476 prolecto

195 3499 196 3504 ¹
267 3477 432 3552 Tranquilli
448 3479 587 3544 comitem
600 3486 748 3560 temporis
765 3500 836 3548 esse
848 3484 955 3548 tidem
