2520 4008
485 195 516 240 v.
538 177 717 247 alt-tao.

220 333 388 406 Eveniant,
403 336 457 392 aut
471 329 520 392 his
534 345 597 396 tlon
612 331 731 396 leviora
744 337 842 396 malis.

178 420 285 496 Qualis
299 415 551 504 Achaemenides
567 413 673 479 Sidula
687 416 830 483 desertus
845 418 876 478 in
891 420 1000 492 Aetna,

218 503 329 564 140104
343 513 414 563 oum
427 498 504 559 vidit
516 498 588 558 vela
601 499 716 572 venire,
733 500 804 564 iuit=

109 597 165 653 415
180 587 286 663 Qualis
302 589 367 650 0441
381 597 440 644 400
454 583 657 644 4041041444
669 581 835 648 binominis
851 585 899 659 lri,

219 671 342 746 Quique
355 673 460 732 tenent
473 671 614 741 pontem,
633 681 714 742 quae
727 665 781 726 tibi
795 667 893 728 maior
909 672 973 730 erit.
1071 705 1113 718 -

175 754 272 820 Filius
286 758 319 816 et
331 750 450 816 Cereris
466 749 580 814 trustra
593 749 647 810 tibi
662 764 786 826 semper
800 757 925 826 anatur,

218 837 434 908 Destituatque
448 841 518 900 tuas
536 849 639 909 usque
653 833 771 910 petitus
783 851 872 910 opes.

175 921 277 996 thue
290 935 348 998 por
362 918 498 982 alternos
513 917 599 982 unda
613 917 735 978 labente
749 933 896 981 recursus

110 1013 168 1068 410
224 1000 420 1067 Subtrahitur
433 1015 545 1078 presso
561 1001 662 1064 mollis
678 1017 772 1070 arena
785 1002 869 1078 pedi,

178 1089 229 1150 Sia
243 1094 297 1152 tua
312 1085 419 1146 neseio
435 1101 499 1160 qua
513 1099 637 1160 semper
648 1085 771 1154 1041444
784 1085 946 1161 liquescat,

121 1211 123 1217 -
217 1171 385 1248 Lapsaque
396 1183 457 1244 per
470 1169 589 1232 medias
605 1167 828 1243 elltuatusque
842 1185 963 1234 manus.

176 1257 278 1330 thue
290 1259 381 1332 pater
395 1251 505 1314 solitae
519 1253 623 1316 venias
639 1258 758 1314 mutare
771 1252 888 1327 figuras

218 1337 331 1401 Plenus
345 1336 514 1399 inextincta
529 1335 698 1400 destituare
713 1335 804 1399 14440.

108 1422 239 1484 4401100
254 1421 344 1496 dapis
358 1419 512 1483 humanae
526 1419 581 1484 tibi
596 1419 658 1482 sint
672 1419 805 1480 fastidia.
840 1436 964 1496 444440

216 1505 305 1566 Parte
319 1510 424 1579 potes,
441 1503 568 1582 Tydeus
582 1503 731 1578 temporis
745 1503 838 1567 huius
853 1505 924 1564 eris.

159 1591 277 1664 ¹Atque
292 1587 410 1662 aliquid
424 1585 537 1661 laetas,
554 1602 573 1650 a
589 1601 723 1662 vespere
738 1586 820 1654 Solis
835 1588 878 1654 ad
891 1593 976 1652 onus

218 1673 278 1736 Cur
296 1670 444 1735 externati
458 1685 569 1734 rursus
585 1677 715 1746 agantur
730 1672 811 1745 equi

102 1794 104 1800 .
175 1757 283 1820 Foeda
295 1755 473 1834 Lycaoniae
486 1761 609 1831 repetes
625 1754 769 1816 eonvivia
782 1769 916 1827 mensae,

107 1850 165 1908 430
218 1839 455 1915 Temptabisque
470 1837 531 1922 eibi
544 1839 649 1918 fallere
664 1838 773 1902 fraude
787 1837 901 1904 lovem

173 1925 278 1998 Teque
293 1923 404 1998 aliquis
420 1923 524 1999 posito
540 1913 666 1998 temptet
678 1921 741 1991 vim
755 1921 892 1990 numinis
904 1925 994 1998 opto:

215 2007 417 2068 Tantalidost
404 2007 511 2080 tusis,
527 2005 737 2082 Tereidesque
751 2021 838 2081 puer.

173 2092 212 2155 Et
221 2097 276 2152 tua
290 2091 335 2150 siu
349 2093 427 2152 latos
444 2097 629 2166 spmgantur
642 2089 779 2154 membra
793 2105 850 2165 per
863 2101 965 2164 agros,
1034 2133 1036 2137 ,

216 2176 385 2250 Tamquam
401 2189 481 2249 quae
494 2174 611 2250 patrias
626 2171 788 2236 detinuene
800 2172 881 2236 vias.

101 2267 163 2326 435
175 2259 257 2324 Aere
270 2257 398 2323 Perilleo
414 2273 508 2321 veros
523 2257 641 2320 imitere
653 2259 814 2332 iuveneas,

215 2342 266 2404 Ad
280 2343 409 2404 10444444
427 2342 505 2408 tauri
518 2341 720 2404 conveniente
733 2357 824 2406 sono.

174 2424 767 2502 11144010404114414414,1144444440
783 2439 858 2487 ense
870 2429 999 2498 resecta,
1083 2432 1085 2436 ’

215 2509 303 2571 Mora
316 2509 409 2574 bovis
422 2509 540 2586 Paphio
556 2510 683 2573 alausas
695 2509 728 2590 win
743 2525 816 2572 aere
830 2523 946 2584 gemas.

173 2593 316 2670 Dumque
329 2593 432 2655 redire
445 2595 533 2656 voles
549 2594 618 2655 aevi
632 2590 768 2654 melioris
783 2592 814 2654 in
829 2607 938 2666 44400,

105 2683 163 2738 440
219 2679 259 2740 111
273 2685 361 2738 vetus
375 2677 499 2738 Admeti
514 2677 670 2752 decipiare
685 2689 786 2738 socer.

172 2760 277 2836 Atque
292 2776 390 2838 eques
405 2761 437 2822 in
451 2761 544 2822 medii
559 2775 699 2834 mergare
713 2757 862 2833 voragine
877 2753 973 2828 eueni,
1040 2834 1043 2840 ,

215 2845 391 2909 Dummodo
407 2845 469 2907 sint
483 2846 536 2906 sati
550 2841 676 2906 nomina
690 2843 775 2904 nulla
788 2841 842 2903 tui.

96 2947 99 2959 ·
170 2927 281 3004 Atque
288 2929 406 2998 utinam-
417 2945 544 3005 pereas,
559 2927 654 2990 ueluti
669 2927 708 2987 de
723 2925 865 3002 dentibus
882 2923 940 2986 0411

215 3011 344 3073 Sidonia
357 3013 445 3074 140114
460 3013 553 3074 Graia
566 3027 623 3090 pen
637 3025 710 3071 arva
724 3025 826 3072 manu
894 3069 898 3072 .

104 3095 159 3153 445
173 3091 214 3154 111
228 3111 309 3171 4440
322 3095 487 3158 Penthides
502 3096 574 3157 10011
589 3096 744 3170 fraterque
757 3093 916 3166 Medusae,
1006 3111 1010 3120 ·

93 3194 96 3212 ²
212 3178 364 3241 Eveniant
378 3181 470 3278 capiti
484 3187 557 3241 vota
571 3179 695 3240 sinistra
708 3184 779 3238 tuo:
878 3237 880 3241 .

166 3261 209 3324 Et
219 3262 339 3338 quibus
353 3265 465 3340 exiguo
482 3272 530 3325 est
544 3263 679 3326 volueris
696 3261 810 3322 devota
822 3257 974 3332 libello

214 3345 353 3424 corpora
367 3347 506 3426 proiecta
519 3363 599 3423 quae
613 3361 673 3409 sua
685 3350 797 3422 pungat
811 3353 901 3418 aqua.

167 3428 308 3494 Vulnera
320 3433 457 3510 totquel
456 3447 542 3507 eras,
558 3436 634 3508 quot
648 3429 758 3496 dieitur
773 3427 824 3488 ille
837 3426 955 3499 tulisse,
