2520 4012
157 191 200 260 32
352 197 355 204 ’
482 189 484 196 ’
538 193 779 260 ‚TRISTIUM

278 347 403 424 Eubius,
425 348 562 423 impurae
577 345 717 408 conditor
730 343 885 418 historiae,

238 433 300 493 Nec
316 433 368 507 qui
382 432 557 506 composuit
571 445 669 506 nuper
684 427 876 506 Sybaritida,
893 427 977 502 sugit,

278 516 342 575 Nec
358 515 410 591 qui
426 513 604 576 concubitus
620 529 681 574 non
701 519 824 572 tacuere
840 527 925 572 suos.
1068 563 1070 571 ,

240 599 375 674 Suntque
391 614 428 660 ea
444 600 603 658 doctorum
617 596 819 656 monumentis
835 596 929 658 nrixta
943 595 1088 671 virorum,

82 723 84 726 -
175 692 228 746 441)
282 661 523 757 Muneribusque
538 683 650 741 ducum
669 679 791 755 publica
807 681 885 738 lacta
901 685 1015 762 patent.
1113 697 1115 700 ·

140 779 141 782 ’
238 767 322 826 Neve
337 767 505 842 peregrinis
520 772 634 826 tantum
654 763 803 822 defendar
822 762 859 822 ab
874 763 982 824 armis:
998 765 1001 768 “

105 895 106 898 ,
279 839 702 910 EtRoriranushabetmulta
722 846 928 908 iocosaliber.
981 843 983 846 ’
1083 853 1086 860 ·

144 941 146 946 ’
202 933 206 948 ‘
238 935 339 1008 thue
354 948 410 992 suo
425 933 553 1003 Martem
566 932 677 992 cecinit
690 931 793 1006 gravis
807 930 928 1006 Ennius
940 935 1002 1003 ore,

279 1017 394 1078 Ennius
409 1017 531 1090 iugenio
547 1015 713 1087 maximus,
735 1022 799 1074 arte
812 1015 913 1076 rudis:

175 1115 226 1170 425
241 1099 381 1176 Explicat
394 1107 427 1160 ut
441 1115 554 1161 causas
570 1100 670 1174 rapidi
684 1099 841 1159 Lucretius
857 1097 944 1172 ignis,

284 1185 493 1258 casurumque
506 1185 616 1260 triplex
634 1183 812 1244 vaticinatur
826 1197 920 1257 opus:

241 1267 292 1328 Sic
308 1284 365 1328 sua
378 1267 495 1328 lascivo
511 1273 632 1328 cantata
646 1274 693 1326 est
708 1281 803 1341 saepe
819 1263 935 1326 Catullo

185 1383 187 1386 ·
279 1351 418 1426 Femina,
441 1352 488 1412 cui
505 1352 616 1410 salsum
630 1349 743 1410 Lesbia
757 1363 867 1410 nomeu
883 1354 957 1408 erat.
999 1342 1005 1353 '

240 1435 302 1496 Nec
318 1443 478 1496 contentus
493 1451 545 1507 ea,
561 1435 673 1495 multos
688 1433 824 1508 vulgavit
838 1446 969 1505 amores,

177 1525 229 1580 430
266 1516 267 1520 ’
283 1520 317 1578 In
333 1517 444 1593 quibus
459 1518 528 1594 ipse
548 1533 636 1578 suum
652 1520 756 1578 lassus
771 1515 952 1578 adulterium
968 1519 1023 1576 est.

91 1638 99 1654 ι
151 1609 153 1611 ’
240 1601 298 1662 Par
313 1603 369 1662 luit
383 1602 486 1676 exigui
501 1601 672 1676 similisque
691 1601 813 1661 licentia
829 1599 922 1674 Calvi,

283 1685 404 1746 Detexit
418 1685 511 1746 variis
528 1685 579 1760 qui
596 1700 652 1746 sua
667 1685 745 1743 turta
761 1685 872 1744 modis.
1252 1745 1253 1758 ,

130 1813 133 1816 -
230 1768 612 1844 Ἰ’1614ἰᾴ14144414Τ1414144,
630 1766 703 1842 quid
714 1767 835 1826 Memmi
847 1782 979 1842 carmen,
994 1765 1078 1842 apud
1090 1781 1168 1842 quos

280 1851 384 1914 Rebus
400 1853 613 1929 adestnomcn
627 1851 864 1925 nominibusque
880 1851 1000 1926 pudore
1075 1897 1077 1901 .
1252 1847 1253 1852 ’

178 1946 229 2001 435
245 1937 338 1998 Cinna
351 1936 644 2012 quoquchisccmes
656 1941 711 2008 est,
724 1935 881 2009 Cinnaque
892 1933 1053 2010 procacior
1060 1934 1171 2004 Anser,

278 2019 316 2079 Et
329 2020 397 2079 leve
412 2020 553 2083 Cornifici
566 2034 684 2095 parque
700 2018 821 2078 Catonis
838 2035 931 2094 opus:

239 2105 278 2164 Et
293 2119 423 2178 quorum
437 2103 523 2163 libris
539 2103 631 2162 modo
649 2101 839 2162 dissimulata
853 2101 981 2162 Perillae

282 2187 424 2261 Nomine,
445 2203 525 2246 nunc
540 2186 649 2262 legitur
664 2185 758 2262 dicta,
775 2185 904 2259 Metelle,
928 2191 990 2244 tuo.

240 2271 272 2331 ls
288 2285 429 2346 quoque,
445 2269 614 2332 Phasiacas
632 2271 717 2345 Argo
732 2269 786 2344 qui
803 2268 890 2330 duxit
903 2269 935 2328 in
949 2268 1059 2342 undas,

175 2359 227 2414 440
283 2353 349 2414 Non
368 2353 466 2428 potuit
484 2354 605 2414 veneris
622 2353 701 2416 turta
715 2361 818 2414 tacere
834 2368 920 2414 suae.

240 2437 303 2498 Nee
318 2437 419 2499 miuus
434 2437 594 2510 Hortensi,
613 2451 671 2497 nec
691 2444 763 2497 sunt
777 2435 878 2497 minus
898 2434 1039 2512 improba
1056 2433 1145 2494 Servi

283 2520 432 2582 Carmina.
471 2521 544 2594 Quis
563 2520 680 2582 dubitet
694 2520 819 2582 uomina
834 2525 919 2580 tanta
934 2519 1046 2593 sequit

240 2605 339 2666 Vertit
354 2605 510 2668 Aristiden
528 2604 675 2678 Sisenna,
698 2620 756 2664 nec
770 2603 868 2664 obluit
883 2605 935 2677 ilii,

282 2689 436 2750 Historiae
451 2695 555 2764 turpes
577 2689 749 2750 inseruisse
765 2685 864 2748 iocos.

174 2775 224 2831 145
239 2772 304 2832 Non
322 2772 376 2832 luit
393 2773 558 2848 opprobrio
574 2773 752 2834 celebrasse
767 2771 922 2850 Lycorida
937 2769 1044 2842 Gallo,

284 2855 345 2916 Sed
360 2855 498 2936 linguam
510 2857 601 2919 nimio
620 2872 681 2916 non
697 2857 950 2936 tenuisse-mero.
981 2859 983 2863 ’

240 2938 374 3000 Credere
393 2937 501 2996 iuranti
517 2939 624 2998 durum
642 2947 727 3014 putat
743 2955 816 3000 esse
830 2938 976 3008 Tibullus,

285 3020 336 3100 Sic
351 3021 440 3082 etiam
455 3021 493 3080 de
510 3037 545 3082 se
565 3025 650 3098 quod
664 3031 755 3100 neget
771 3024 822 3084 illa
835 3023 918 3082 viro:

240 3105 358 3166 Fallere
372 3105 531 3168 custodem
547 3105 668 3168 demum
685 3095 832 3168 docuisse*
848 3098 967 3178 latetur,

89 3231 91 3236 ,
175 3197 227 3251 450
285 3187 387 3264 Seque
405 3205 463 3250 sua
476 3189 620 3250 miserum
640 3206 721 3252 nunc
741 3191 783 3250 ait
797 3196 861 3251 arte
875 3188 988 3264 premi=

242 3273 358 3348 Saepe,
379 3275 463 3333 velut
476 3287 627 3348 gemmam
649 3275 792 3354 dominae
808 3273 969 3348 signumve
985 3266 1146 3345 probaret,

167 3387 169 3392 ·
282 3354 340 3414 Per
359 3371 485 3422 causam
501 3359 636 3426 meminit
651 3375 686 3418 se
704 3357 846 3432 tetigisse
862 3368 1001 3416 manum=
1111 3391 1114 3394 -

92 3483 94 3492 .
197 3523 198 3526 Ἴ
242 3439 342 3514 thue
358 3439 466 3517 refert,
483 3439 585 3516 digitis
603 3443 699 3516 saepe
716 3448 764 3502 est
778 3447 912 3515 nutuque
927 3439 1058 3510 locutus,
