2524 4004
103 214 237 278 *aad*
316 270 318 275 s
447 217 450 222 '
553 210 810 274 FASTORUM

184 375 234 428 115
249 365 329 428 Dant
342 364 479 436 veniam,
501 361 663 438 ridentque
676 371 804 423 moram.
839 359 926 437 Capit
940 357 992 422 ille
1006 378 1168 441 coronam,
1246 359 1247 438 1

290 449 374 524 Quae
393 447 496 523 possit
510 445 624 518 crinea,
643 443 782 518 Phoebe,
805 443 916 504 decere
930 451 1018 507 tuos:
1246 447 1247 454 ’

247 533 392 593 Induerat
405 531 498 610 Tyrio
515 529 564 590 bis
578 529 703 589 tinctam
717 528 831 588 murice
847 528 975 604 pallams

287 615 433 676 Reddidit
446 615 506 674 icta
520 627 596 673 suos
609 611 721 686 pollice
738 611 856 672 chorda
875 627 990 679 sonos.

247 697 414 759 Flebilibus
428 697 561 758 numeris
577 694 670 754 veluti
685 695 826 754 canentia
841 695 919 755 dure

181 789 233 843 111
288 783 444 844 Traiectus
461 781 556 855 pinna
569 786 709 854 tempora
723 785 827 838 111111
841 779 917 839 olor.
1000 844 1002 846 ,
1086 797 1090 802 ·

247 864 387 928 Protinus
402 865 432 924 in
448 865 567 925 medias
583 868 707 922 ornatus
723 858 827 924 desilit
840 862 952 922 undas.

288 948 452 1025 Spargitur
464 947 597 1022 impulsa
616 946 739 1006 caerula
752 945 867 1022 puppis
882 961 973 1019 aqua.

248 1032 354 1092 Inde...
371 1032 433 1091 fide
448 1031 579 1092 maius...
596 1035 683 1105 tergo
699 1029 845 1105 delphina
858 1043 989 1088 recurvo
1029 1105 1031 1109 v

290 1115 331 1176 Se
345 1121 514 1176 memorant
528 1114 613 1176 oneri
628 1113 836 1188 subposuisse
850 1128 943 1173 novo.
1210 1189 1213 1194 Ι
1246 1187 1247 1192 ¹

180 1198 298 1260 1111111
313 1201 427 1259 sedens
443 1198 650 1273 citharamque
664 1203 761 1270 tenet,
780 1196 973 1272 pretiumque
986 1193 1132 1270 vehendi,
1246 1203 1247 1270 3

289 1283 395 1346 cantet
410 1288 441 1345 et
455 1297 626 1356 aequoreas
642 1281 776 1341 carmine
789 1281 904 1343 mulcet
918 1295 1026 1354 aquus.
1043 1351 1044 1356 ἵ

246 1365 284 1429 Di
299 1367 350 1442 pia
367 1367 447 1426 locta
460 1365 574 1426 vident.
610 1365 701 1425 astris
717 1363 993 1440 delphinarecepit
1046 1370 1048 1381 ¹
1082 1415 1083 1419 ,

285 1450 436 1526 luppiter,
456 1456 488 1510 et
500 1449 605 1510 stellas
620 1447 711 1509 iussit
724 1447 839 1508 habere
853 1463 974 1508 novem.
1085 1443 1088 1450 '

569 1580 599 1644 5.
628 1582 653 1643 D
678 1579 770 1642 NON

246 1697 332 1759 Nunc
343 1698 415 1758 mihi
429 1698 511 1758 mille
522 1715 628 1772 sonos,
641 1712 766 1772 quoque
780 1703 829 1758 est
839 1704 1024 1758 memoratus
1031 1697 1182 1771 Achilles,
1246 1739 1247 1756 2

181 1791 233 1846 111
264 1783 419 1854 uellem,
441 1781 618 1854 Maeonide,
640 1787 748 1856 pectus
763 1781 868 1841 inesse
882 1787 975 1854 tuum,
1117 1851 1121 1858 ¹
1246 1799 1247 1818 1

247 1867 328 1926 Dum
343 1865 480 1926 canimus
496 1881 602 1929 sacras
620 1866 736 1926 alterno
753 1865 874 1940 pectine
888 1863 1002 1929 Nonas.

256 1968 267 1982 ,
288 1948 440 2032 Maximus
455 1949 505 2008 hic
521 1949 609 2009 lastis
624 1949 833 2010 accumulatur
848 1949 958 2008 honos.

246 2032 357 2093 Deficit
376 2033 544 2110 ingenium,
563 2033 740 2107 maioraque
756 2031 873 2092 viribus
890 2038 1006 2107 urgent.

285 2115 370 2176 Haec
383 2117 455 2176 mihi
471 2117 636 2192 praecipuo
651 2123 699 2177 est
713 2133 766 2178 ore
780 2115 920 2178 canenda
936 2116 1012 2176 dies.

184 2207 231 2260 111
246 2198 323 2272 Quid
338 2201 421 2261 volui
436 2201 562 2262 demens
577 2201 673 2275 elegis
687 2201 845 2276 imponere
859 2207 975 2261 tantum

154 2353 156 2356 ¹
286 2282 459 2345 Ponderist
472 2284 559 2346 heroi
573 2301 624 2345 res
641 2291 707 2346 eret
720 2285 779 2345 istu
794 2281 894 2359 pedis.

247 2365 359 2426 Sancte
376 2373 464 2441 pater
478 2369 608 2443 patriae,
623 2368 677 2428 tibi
693 2368 796 2444 plebs,
820 2367 873 2428 tihi
889 2367 974 2428 curia
990 2381 1101 2428 nomen
1246 2411 1247 2422 2

287 2449 354 2508 Hoc
371 2450 464 2510 dedit.
501 2451 560 2512 hoc
576 2451 717 2513 dedimus
733 2468 791 2513 nos
805 2450 859 2511 tibi
874 2467 999 2526 nomen,
1014 2465 1122 2526 eques.
1163 2515 1167 2517 ,
1246 2471 1247 2534 3

245 2532 308 2592 Res
323 2539 423 2594 tamen
439 2541 509 2594 onte
523 2535 617 2595 dedit.
657 2534 734 2596 Sero
750 2551 875 2610 quoque
889 2550 964 2612 vera
977 2534 1072 2596 tudisii

179 2621 230 2678 lito
282 2617 422 2678 Nomina.
457 2618 517 2678 iam
533 2619 652 2695 pridem
666 2627 699 2680 tu
713 2626 800 2697 pater
815 2618 899 2680 orbis
914 2634 995 2679 eras.

243 2701 309 2762 Hoc
324 2708 354 2762 to
369 2718 427 2778 per
440 2709 555 2776 terras,
573 2704 658 2778 quod
673 2704 703 2764 in
721 2703 844 2764 aethere
860 2703 997 2778 Iuppiter
1010 2701 1081 2775 alto,

284 2785 399 2846 Nomen
415 2785 523 2848 habes.
557 2787 712 2848 hominum
726 2795 761 2848 tu
775 2793 877 2862 pater,
898 2787 949 2846 ille
964 2786 1063 2844 deum.
1155 2811 1160 2823 ¹

243 2869 388 2942 Romule,
406 2872 572 2931 concedes.
608 2871 679 2930 lacit
693 2871 743 2932 hic
757 2878 809 2931 tua
823 2885 934 2945 magna
948 2867 1062 2930 tuendo
1103 2873 1106 2882 “

284 2951 415 3011 Μ11111.
450 2960 483 3015 11
501 2954 633 3015 dederas
650 2954 850 3034 transilienda
864 2955 972 3014 Remo.
1080 2977 1083 2980 ·

181 3043 228 3098 135
242 3035 283 3092 Te
297 3035 401 3095 Tatius
418 3039 566 3112 parvique
586 3039 682 3099 cures
698 3038 894 3112 Caeninaque
908 3035 1021 3098 sensile

285 3117 351 3177 Hoc
368 3119 448 3180 duce
462 3121 633 3184 Romanum
647 3129 696 3182 est
709 3122 785 3182 solis
801 3129 966 3196 utrumque
980 3120 1068 3179 latus.

227 3202 287 3264 ,Tu
303 3201 395 3284 breve
410 3205 515 3272 nescio
534 3206 607 3280 qnid
621 3205 721 3266 victae
740 3204 858 3268 telluris
873 3203 1029 3264 habebas:
1047 3273 1052 3280 (

279 3285 505 3362 *Quodcumque
521 3297 569 3351 est
583 3291 644 3349 alto
662 3288 720 3350 sub
734 3291 824 3364 love,
848 3289 963 3350 caesar
975 3285 1076 3346 habet.

242 3366 287 3427 Tu
304 3373 403 3445 rapis,
420 3370 470 3430 hic
490 3379 593 3431 cestus
608 3373 688 3433 duce
703 3383 742 3432 sc*
753 3373 837 3434 iubet
856 3387 929 3432 csse
943 3371 1078 3430 marites.

177 3456 226 3508 teo
276 3449 320 3509 Tu
335 3453 448 3528 recipis
464 3454 549 3526 luco,
566 3463 738 3516 summovet
752 3457 803 3516 ille
818 3457 916 3516 netas.-
