2520 4008
114 193 197 275 1150χ
227 231 239 278 4
509 187 569 249 ex
588 186 736 250 aouuo

206 343 258 406 Sie
273 357 365 419 quem
380 340 447 402 dira
463 340 518 402 tibi
532 341 633 417 rapuit
648 336 811 400 Germania
823 339 966 412 Drusum,

246 427 321 488 Pars
337 425 428 487 luerit
443 431 548 501 partus
564 425 632 485 sola
648 423 767 485 caduca
779 422 833 482 tui.

170 513 180 520 ”
207 512 258 574 Sie
275 508 330 570 tibi
344 513 461 569 mature
477 509 602 570 fraterni
617 507 734 568 funeris
749 507 829 566 ultor

157 608 192 661 50
244 593 422 669 Purpureus
436 593 535 654 niveis
551 593 632 654 filius
650 591 741 651 instet
758 590 857 664 equis.
917 613 918 618 ¹

203 676 339 740 Adnuite
354 683 388 739 o!
408 675 538 751 timidis,
553 674 715 736 mitissima
729 673 869 746 numina,
884 673 975 734 votis.

244 759 422 824 Praesentis
443 759 560 834 aliquid
574 757 674 834 prosit
687 757 802 818 habere
817 755 905 818 deos.

206 845 345 907 Caesaris
361 843 498 903 adventu
510 847 592 904 taeta
605 841 756 918 gladiator
770 855 865 900 arena

244 929 330 1002 Exit,
347 931 377 986 et
390 926 536 988 auxilium
550 942 612 986 non
627 928 696 985 leve
710 926 823 986 vulnus
837 922 938 984 habet.

156 1019 190 1074 55
203 1013 266 1072 Nos
278 1024 411 1087 quoque,
423 1015 535 1082 vastia,
547 1009 639 1084 iuvet,
652 1008 747 1085 quod,
760 1008 905 1084 qualioat
920 1022 973 1068 ora
981 1007 1127 1070 videmus

248 1095 361 1156 Intrate
375 1092 559 1170 estsuparis
576 1092 662 1169 quod
677 1092 788 1155 domus
802 1108 865 1154 una
879 1089 986 1153 tribus.

204 1177 322 1240 Felices
337 1177 395 1252 illi,
414 1177 467 1254 qui
481 1191 544 1238 non
559 1177 738 1250 simulacra,
757 1173 815 1237 sed
834 1176 931 1252 ipsos,

246 1261 365 1338 Quique
382 1261 474 1322 deum
489 1275 593 1324 eorem
610 1275 744 1338 corpora
757 1275 834 1321 vera
851 1259 966 1322 vident

206 1345 296 1420 Quod
311 1345 456 1421 quoniam
470 1343 561 1408 nobis
574 1345 683 1406 invidit
702 1344 808 1406 inutile
822 1344 925 1417 latum,

154 1433 191 1490 6⁰
245 1430 332 1504 Quos
346 1428 511 1501 deditars,
526 1429 633 1492 uultus-
643 1428 839 1504 effigiemque
852 1428 931 1488 eolo.

206 1512 257 1574 Sia
270 1511 412 1575 honines
426 1527 542 1573 novere
556 1511 650 1587 daos,
669 1527 749 1588 quos
768 1512 883 1574 arduus
899 1513 1004 1574 aether

183 1663 187 1668 ,
246 1595 373 1670 occulit,
389 1601 420 1656 et
434 1595 543 1660 colitur
561 1612 618 1672 pro
633 1597 707 1656 Ioue
722 1597 821 1658 lorma
835 1596 928 1658 lovis.

51 1701 56 1712 ·
166 1701 169 1708 ·
204 1680 358 1756 Denique,
378 1695 458 1756 quae
472 1695 591 1742 meeum
605 1686 653 1740 est
668 1687 698 1741 et
712 1679 771 1741 erit
784 1679 852 1742 siue
866 1681 942 1754 line,
959 1687 1076 1754 cavete,

244 1764 290 1824 Ne
304 1763 344 1824 sit
358 1761 390 1822 in
404 1763 505 1824 inviso
522 1769 626 1824 vestra
639 1763 739 1840 figura
752 1765 833 1825 loeo.
927 1813 929 1816 .

155 1857 190 1916 65
204 1847 280 1907 Nam
295 1852 388 1923 eaput
402 1862 420 1907 e
434 1851 541 1908 nostra
555 1846 643 1908 eitius
659 1847 780 1908 cerviae
794 1846 926 1921 recedet,

244 1929 283 1990 Et
296 1930 395 2006 patiar
409 1929 505 1992 fossis
520 1931 623 1993 lumen
640 1929 724 1992 abire
738 1931 836 2006 genis,

205 2013 299 2088 Quam
315 2027 438 2076 oeream
450 2014 562 2090 raptis,
583 2029 602 2074 o
617 2013 741 2090 publica
755 2015 894 2076 numina!
923 2013 1023 2075 vobis.

230 2097 316 2164 ‚Vos
327 2097 411 2158 eritis
426 2103 551 2159 nostrae
566 2105 675 2174 portus
690 2105 721 2159 et
737 2113 791 2158 ara
805 2099 906 2174 fugae.

202 2182 270 2242 Vos
285 2196 345 2257 ego
360 2183 561 2258 complectar,
578 2181 692 2244 Getieis
708 2181 736 2243 si
752 2182 858 2257 cingar
877 2182 915 2241 ab
931 2179 1032 2255 aunis,

153 2271 189 2330 70
242 2263 344 2340 thue
357 2280 443 2335 meas
458 2266 595 2342 aquilas,
610 2281 669 2328 vos
684 2281 754 2326 mea
769 2265 858 2341 signa
871 2281 993 2341 sequar.

202 2347 265 2409 Aut
279 2361 337 2424 ego
353 2363 402 2409 ma
416 2349 504 2424 fallo,
519 2347 675 2424 nimiaque
690 2349 835 2426 cupidine
850 2349 949 2424 luder,

244 2434 307 2491 Aut
321 2447 395 2507 spes
411 2431 495 2494 exilii
510 2433 729 2494 commodioris
745 2433 843 2494 adest

202 2514 278 2575 llam
292 2515 391 2577 minus
407 2521 437 2574 et
450 2514 551 2578 nunus
566 2522 615 2578 est
629 2516 724 2578 laoies
739 2516 771 2576 in
786 2517 917 2592 imagine
931 2515 1036 2592 tristis,

242 2598 381 2674 Visaque
401 2605 472 2660 sunt
486 2599 577 2661 dietis
591 2599 729 2663 adnuere
743 2616 799 2661 ora
813 2600 899 2662 meis.

153 2683 187 2740 75
200 2683 284 2744 Vera
298 2696 411 2759 precor
424 2682 499 2744 fiant
513 2682 640 2746 timidae
652 2685 818 2762 praesagia
832 2685 957 2745 mentis=

242 2767 387 2842 lustaque
402 2768 544 2844 quamvis
559 2774 622 2844 est,
639 2769 680 2832 sit
693 2768 794 2830 ndnor
807 2769 854 2828 ira
869 2766 950 2828 dai„

147 2945 175 3040 tl
247 2985 382 3048 00qu
403 2987 523 3051 aaut.

200 3066 306 3179 Regia
318 3105 498 3183 progenies,
514 3109 564 3168 oui
577 3108 743 3170 nobilitatis
761 3107 847 3182 origo

239 3185 356 3249 Nomen
374 3187 406 3250 iu
418 3189 561 3268 Eumolpi
575 3192 717 3268 pervenit
730 3205 845 3268 usque,
864 3189 956 3265 Coty!

195 3267 290 3332 Fama
304 3271 420 3348 loquax
434 3280 556 3337 vestras
569 3277 595 3337 si
611 3276 672 3336 iam
684 3275 825 3352 pervenit
840 3272 881 3334 ad
896 3283 997 3344 aures,

237 3353 287 3414 llle
300 3355 355 3415 tibi
369 3356 487 3420 finitimi
501 3365 589 3435 parte
604 3361 705 3422 iaeere
720 3358 795 3421 soli:
841 3420 843 3422 ,

169 3443 185 3494 5
200 3432 354 3514 Supplicia
370 3440 497 3516 exaudi,
513 3441 659 3504 iuvenum
672 3443 847 3518 mitissime,
862 3452 983 3514 vocem,
1058 3474 1060 3478 -
