2454 4004
178 251 242 316 306
501 235 504 240 ’
570 232 825 309 sustollunt

198 415 251 469 loo
306 401 451 478 Adgemit
465 400 591 461 Alcides
605 400 859 478 Haemoniusque·
875 415 960 474 puer.

262 488 335 563 Ipse
351 494 453 546 tamen
467 484 562 543 lectos
577 481 746 557 Pagasaeis
761 483 891 542 collibus
905 481 1034 544 herbas!
1054 510 1056 514 ·

305 571 478 647 Temperat,
500 574 623 626 et‘vone
637 567 765 627 volnere
778 565 891 626 inlucet
910 581 980 641 ope.

261 655 354 720 Virus
369 653 450 712 edax
465 649 630 724 superabat
650 661 755 725 opem,
772 649 956 725 penitusque
970 653 1097 725 recepta

306 735 434 798 Ossibus
449 741 480 794 et
496 740 560 793 toto
577 748 707 808 corpore
721 734 819 808 pestis
836 739 910 792 erot.
990 750 993 753 ·

197 828 250 884 4⁰5
265 819 421 894 Sanguine
436 818 576 879 centauri
590 816 745 876 Lern-eece
760 817 887 891 sanguis
904 817 1055 877 echidnae

303 904 417 964 Mixtus
432 902 473 962 ad
488 900 632 960 auxilium
645 907 784 976 tempora
802 901 885 960 nulla
898 899 1000 961 dabat.

263 987 383 1062 Stabat,
402 991 520 1047 utente
536 991 666 1059 patrem,
687 984 819 1044 lacrimis
840 985 983 1058 perfusus
997 984 1143 1044 Achilles

240 1100 243 1104 ·
306 1070 357 1132 Sic
373 1069 495 1129 llendus
509 1067 633 1142 Peleus,
654 1067 681 1127 si
694 1075 878 1140 moreretur,
896 1074 970 1130 erat.

264 1153 365 1230 Saepe
382 1169 490 1214 monus
510 1169 620 1228 aegros
637 1153 777 1212 manibus
793 1151 926 1230 fingebat
940 1139 1094 1212 απιίοἰὶεκ..

199 1247 253 1304 lto
305 1239 441 1310 Moruni,
459 1252 538 1312 quos
553 1237 639 1309 lecit,
656 1236 793 1314 praemia
808 1236 917 1297 doctor
930 1233 1052 1295 habet..

264 1321 377 1384 Oscula
390 1335 486 1396 saepe
502 1320 595 1380 dedit.
625 1320 702 1380 dixit
717 1335 843 1396 quoque
857 1333 958 1394 saepe·
966 1319 1092 1380 iacenti.

302 1408 409 1479 ‘Vivc,
428 1399 552 1480 precor,
568 1417 625 1462 nec
640 1419 703 1476 me,
722 1419 806 1478 care,
823 1404 975 1477 relinque,
991 1407 1107 1478 patert’

261 1491 349 1552 Nona
365 1490 432 1550 dies
448 1490 568 1560 ederat,
585 1503 653 1547 curn
668 1494 716 1561 tu,
739 1487 905 1548 iustissime
918 1486 1037 1562 Chiron,

304 1573 357 1634 Bis
373 1579 491 1648 septem
506 1571 601 1632 stellis
618 1585 750 1647 corpora
764 1572 882 1634 cinctus
897 1586 975 1630 eras.

543 1703 573 1768 4.
597 1705 676 1805 [nc]
721 1702 750 1766 5.
773 1705 829 1766 no

198 1835 249 1890 415
262 1827 350 1886 Hunc
364 1826 446 1903 Lyra
460 1841 555 1886 curve
570 1825 659 1900 sequi
676 1832 810 1901 cuperet.
840 1825 1023 1887 sedidonee
1037 1826 1162 1886 nondun
1204 1821 1205 1870 ἓ

302 1909 358 1971 Est
371 1911 429 1970 via.
460 1924 522 1969 nox
537 1916 640 1986 aptum
656 1910 744 1969 tertia
757 1916 878 1988 ternpus
894 1909 959 1971 erit.

632 2043 662 2105 6.
684 2044 738 2104 FC

262 2163 410 2238 Scorpius
425 2161 457 2221 in
476 2163 577 2235 caelo,
595 2178 663 2221 curn
679 2178 748 2222 cros
764 2163 921 2222 lucescere
935 2163 1038 2224 Nonas
1203 2143 1204 2232 l

199 2285 203 2295 «
302 2247 454 2321 Dicimus,
475 2246 610 2306 arnedia
627 2253 715 2322 porte
731 2254 853 2307 notatus
868 2245 931 2306 crit.

336 2373 577 2440 nononn
621 2378 730 2443 nnn
773 2381 803 2442 u.
826 2381 1020 2472 nunu-n

235 2536 237 2538 -
260 2496 337 2557 Hinc
352 2497 403 2556 ubi
419 2499 577 2572 protulerit
591 2499 728 2559 lornrosu
741 2505 788 2559 ter
801 2499 961 2574 Hesperus
981 2504 1042 2571 orn,
1080 2493 1082 2498 ’

194 2591 247 2645 420
302 2579 360 2643 Ter
376 2581 516 2651 dederint
529 2580 653 2642 Phoebo
672 2582 777 2642 sidera
792 2583 872 2642 victa
886 2583 996 2656 locum,

262 2664 348 2725 Ritus
365 2666 420 2724 erit
435 2665 563 2740 veteris,
580 2675 729 2727 nocturna
743 2666 899 2739 Lemuria,
915 2667 1004 2726 socri.

301 2749 428 2808 Inferias
443 2749 542 2810 tacitis
558 2751 699 2811 menibus
714 2749 765 2810 illc
779 2750 902 2810 dobunt.
1023 2751 1025 2754 ’

259 2831 369 2892 Annus
385 2839 449 2893 erat
464 2833 601 2905 brevior,
619 2850 676 2894 nec
692 2834 793 2894 adhuc
810 2835 860 2909 piu
876 2833 983 2894 februa
999 2839 1116 2908 norant,
1200 2869 1201 2892 2

300 2915 363 2974 Nec
378 2923 410 2975 tu
425 2917 487 2976 dux
503 2933 657 2991 mensum,
673 2919 746 2976 lone
760 2918 913 2990 biformis,
931 2933 1017 2976 crass
1073 2932 1075 2936 ·

190 3005 244 3061 425
259 2999 322 3057 Icrn
336 3004 436 3058 tumen
452 3002 584 3061 extincto
601 3003 693 3061 cineri
709 3018 766 3061 sue
780 3003 863 3062 dono
877 3002 1024 3074 ferebant,
1092 3023 1098 3028 ·

303 3081 532 3158 compositique
548 3101 647 3161 nepos
661 3086 751 3146 busto
769 3085 874 3160 piabat
888 3085 946 3144 avi.

258 3164 373 3225 Mensis
393 3169 585 3242 erotllloius‚
602 3170 749 3229 maiorum
764 3170 887 3230 nornine
903 3169 1011 3240 dictus,

301 3247 356 3321 Qui
371 3259 488 3324 purtem
504 3252 597 3327 prisci
612 3271 692 3315 nunc
714 3269 839 3328 quoque
853 3253 948 3312 moris
964 3251 1066 3311 hobet.

260 3332 327 3390 Nox
342 3333 421 3392 ubi
414 3351 473 3393 ram
488 3336 589 3394 medie
604 3344 650 3396 est
657 3353 854 3413 ,somnoque
869 3337 991 3396 silentia
1005 3333 1199 3420 praebetl

173 3415 246 3474 leo
301 3409 338 3474 Et
353 3418 438 3477 conis
453 3425 483 3477 et
498 3419 599 3477 voriue
614 3421 803 3481 conticuistis
818 3435 903 3496 oves
1071 3443 1075 3450 ·

218 3494 312 3560 Ille
325 3513 443 3601 mernor
457 3501 569 3560 veteris
583 3503 657 3564 ritus
672 3504 858 3579 timidusque
875 3505 1004 3564 deorum

1191 3821 1197 3946 l
