2524 4004
145 227 211 297 230
506 259 510 266 ·
531 219 784 284 FASTORUM

270 379 309 440 Ut
322 382 432 453 posset
447 382 552 436 vastas
566 373 727 434 exeruisse
741 389 861 436 manus.

226 463 374 537 Fregerat
388 459 522 521 armillas
536 474 598 519 non
614 458 666 517 iiia
680 458 720 518 ed
733 457 877 518 bracchia
890 458 999 533 iactas,

276 543 465 607 Scindebaut
478 542 580 617 magni
595 541 719 624 vinculo
731 557 829 616 parvo
842 541 950 618 pedes.

164 639 218 696 325
232 631 307 706 Ipso
321 630 403 704 capit
419 625 599 700 clavamque
618 639 743 700 gravem
758 625 956 704 spoliumque
971 622 1082 700 ieonis,

272 713 464 786 conditaque
477 709 508 770 in
523 708 666 784 pharetra
679 709 741 768 teia
754 709 873 768 minora
892 725 959 770 sue.
1033 746 1038 754 -

233 797 285 858 Sic
300 797 400 872 epulis
416 793 526 867 iuncti,
543 792 589 852 sic
604 793 678 852 dant
692 808 751 854 suu
764 807 898 868 corpora
915 809 1035 866 somno,

270 881 309 940 Et
323 879 433 956 positis
448 877 533 937 iuxta
548 876 719 938 secubuere
738 877 824 936 toris.

234 964 347 1038 Causa,
363 961 510 1037 repertori
525 961 596 1020 vitis
615 960 792 1036 quiescere
805 959 962 1036 parabant,

165 1052 221 1108 3³0
275 1048 359 1121 Quae
373 1049 509 1106 iacerent
523 1059 615 1120 pure,
632 1060 700 1103 curn
715 1045 794 1104 ioret
809 1052 877 1105 orta
894 1045 972 1104 dies.

232 1131 335 1194 Noctis
351 1138 416 1191 eret
434 1129 578 1190 medium.
608 1128 682 1203 quid
696 1143 757 1188 non
773 1143 859 1189 amor
872 1128 1031 1204 improbus
1051 1128 1175 1190 audet?

273 1214 409 1276 Roscida
423 1229 480 1289 per
491 1212 634 1274 tenebras
648 1212 772 1273 Faunus
787 1213 827 1272 ad
844 1217 931 1272 antra
947 1210 1038 1272 venit.

232 1300 333 1374 thue
352 1298 436 1358 videt
451 1297 579 1357 comites
594 1311 704 1357 somno
719 1297 854 1371 vinoque
870 1299 998 1372 solutos,

274 1381 368 1460 Spem
389 1381 471 1458 capit
484 1382 515 1440 in
531 1378 664 1440 dominis
680 1395 752 1440 esso
766 1381 890 1455 soporis
905 1380 996 1440 idem.

168 1475 219 1534 335
234 1467 342 1540 Intrat,
357 1472 388 1525 et
401 1465 462 1528 huc
478 1464 549 1525 illuc
564 1465 744 1524 temerarius
758 1471 840 1524 errat
858 1464 985 1536 adulter,

274 1550 312 1609 Et
325 1551 460 1625 praefert
477 1555 582 1608 cautas
598 1548 859 1622 subsequiturque
873 1563 993 1608 merrus.

235 1635 368 1695 Venerat
383 1633 422 1692 ad
437 1635 522 1694 strati
542 1639 663 1707 captata
676 1631 787 1692 cubilia
801 1631 881 1704 lecti,

271 1717 309 1777 Et
326 1716 399 1776 felix
414 1718 512 1792 prima
526 1716 604 1776 iorte
619 1717 736 1776 iuturus
752 1724 826 1776 erat.

232 1801 272 1862 Ut
285 1800 381 1876 tetigit
397 1800 471 1860 iulvi
487 1800 580 1860 saetis
596 1801 713 1860 hirsuta
725 1800 826 1860 leonis

166 1888 219 1944 340
275 1885 412 1956 Vellera,
433 1885 587 1959 pertimuit
601 1883 805 1959 sustinuitque
820 1897 951 1958 menum,

225 1967 448 2042 =Attonitusque
462 1975 545 2028 metu
559 1968 663 2043 rediit,
679 1975 713 2029 ut
727 1969 938 2044 saeperiator

272 2051 437 2113 Turbatum
452 2051 521 2112 riso
536 2052 649 2113 rettulit
663 2067 764 2127 ungue
779 2052 902 2128 pedem.

232 2135 394 2210 indetori,
416 2133 468 2210 qui
482 2135 602 2196 iunctus
618 2141 697 2208 erat,
714 2135 866 2196 velamine
879 2137 975 2210 tangit

273 2217 390 2293 Mollia,
405 2218 546 2278 mendaci
561 2219 773 2295 decipiturque
792 2226 874 2281 nota.

166 2301 219 2358 itit
233 2301 398 2374 Ascendit,
415 2303 600 2378 spondaque
615 2303 674 2363 sibi
689 2305 835 2378 propiore
849 2302 1008 2379 recumbit,

271 2385 310 2445 Et
327 2384 475 2446 tumidum
491 2401 587 2448 cornu
602 2387 708 2447 durius
723 2388 835 2462 inguen
851 2393 925 2446 erat.

231 2468 351 2528 Interea
365 2469 483 2531 tunicas
499 2485 555 2536 ora
569 2469 713 2532 subducit
726 2469 765 2530 ab
780 2471 855 2530 imus

272 2552 445 2614 Horrebant
458 2553 564 2614 densis
580 2569 691 2630 aspero
706 2569 794 2614 crura
814 2554 896 2630 pilis,

232 2635 338 2697 cetera
352 2643 549 2712 temptantem
564 2638 665 2700 cubito
679 2637 855 2716 Tirynthius
869 2637 962 2700 heros

168 2727 221 2783 35⁰
277 2721 432 2797 Reppulit.
462 2737 480 2781 e
494 2739 613 2784 summo
629 2722 745 2784 decidit
758 2723 812 2784 iiie
823 2729 902 2784 toro.

229 2803 276 2865 Fit
289 2821 397 2866 sonus.
426 2805 570 2868 inclamat
585 2809 727 2882 comites,
743 2813 774 2868 et
787 2807 901 2868 lumina
915 2803 1021 2882 poscit

271 2887 421 2950 Maeonis.
450 2890 552 2951 inlatis
568 2890 689 2966 ignibus
710 2899 779 2952 acta
794 2897 909 2966 patent.

230 2971 283 3031 Ille
297 2974 389 3046 gemit
403 2973 481 3035 lecto
499 2976 631 3049 graviter
646 2975 784 3036 deiectus
799 2973 838 3035 ab
853 2975 926 3050 aito,

269 3053 467 3131 Membraque
488 3059 527 3118 de
540 3059 617 3118 dura
631 3060 685 3118 vix
701 3075 759 3120 sue
774 3059 850 3120 tollit
864 3058 970 3120 humo.

162 3150 216 3205 355
230 3137 322 3196 Ridet
335 3145 365 3196 et
378 3139 522 3216 Alcides,
539 3149 569 3202 et
584 3145 635 3218 qui
651 3142 757 3203 videre
771 3143 932 3215 iacentem,

269 3220 361 3280 Ridet
375 3229 542 3284 amatorem
557 3225 645 3302 Lyda
658 3227 761 3301 puelia
776 3243 875 3288 suum.

227 3305 324 3362 veste
338 3303 416 3363 dous
432 3307 519 3366 lusus
533 3309 672 3370 fallentes
688 3311 802 3370 lumina
818 3317 924 3370 vestes

265 3385 334 3444 Non
347 3394 444 3459 amat,
461 3396 490 3446 et
505 3392 606 3452 nudos
621 3393 660 3451 ed
680 3407 737 3454 sua
755 3408 845 3453 sacre
858 3397 961 3452 vocat.

230 3466 320 3526 Adde
334 3469 505 3543 peregrinis
523 3483 650 3546 causas,
667 3491 735 3536 inea
749 3475 854 3549 Musa,
871 3475 1006 3542 Latinas,
