<?xml version="1.0" encoding="UTF-8"?>
<!DOCTYPE html PUBLIC "-//W3C//DTD XHTML 1.0 Transitional//EN"
    "http://www.w3.org/TR/xhtml1/DTD/xhtml1-transitional.dtd">
<html xmlns="http://www.w3.org/1999/xhtml" xml:lang="en" lang="en">
 <head>
  <title>
</title>
<meta http-equiv="Content-Type" content="text/html;charset=utf-8" />
  <meta name='ocr-system' content='tesseract 3.04.00' />
  <meta name='ocr-capabilities' content='ocr_page ocr_carea ocr_par ocr_line ocrx_word'/>
</head>
<body>
  <div class='ocr_page' id='page_1' title='image "./povidiusnaso01merkgoog_0053.png"; bbox 0 0 2520 4012; ppageno 0'>
   <div class='ocr_carea' id='block_1_1' title="bbox 165 222 781 322">
    <p class='ocr_par' dir='ltr' id='par_1_1' title="bbox 165 222 781 322">
     <span class='ocr_line' id='line_1_1' title="bbox 165 222 781 322; baseline 0 -34"><span class='ocrx_word' id='word_1_1' title='bbox 165 225 208 288; x_wconf 80' lang='lat' dir='ltr'>as</span> <span class='ocrx_word' id='word_1_2' title='bbox 278 222 280 231; x_wconf 73' lang='lat'><em>&#39;</em></span> <span class='ocrx_word' id='word_1_3' title='bbox 508 239 510 244; x_wconf 39' lang='lat'>‘</span> <span class='ocrx_word' id='word_1_4' title='bbox 555 227 781 322; x_wconf 77' lang='lat' dir='ltr'>salsarum</span> 
     </span>
    </p>
   </div>
   <div class='ocr_carea' id='block_1_2' title="bbox 124 379 1254 2130">
    <p class='ocr_par' dir='ltr' id='par_1_2' title="bbox 124 379 1254 2130">
     <span class='ocr_line' id='line_1_2' title="bbox 289 379 942 456; baseline -0.003 -14"><span class='ocrx_word' id='word_1_5' title='bbox 289 383 412 442; x_wconf 88' lang='lat' dir='ltr'>Belides</span> <span class='ocrx_word' id='word_1_6' title='bbox 428 387 458 440; x_wconf 90' lang='lat' dir='ltr'>et</span> <span class='ocrx_word' id='word_1_7' title='bbox 472 381 576 441; x_wconf 88' lang='lat' dir='ltr'>stricto</span> <span class='ocrx_word' id='word_1_8' title='bbox 591 379 741 441; x_wconf 86' lang='lat' dir='ltr'>barbarus</span> <span class='ocrx_word' id='word_1_9' title='bbox 756 394 831 439; x_wconf 86' lang='lat' dir='ltr'>ense</span> <span class='ocrx_word' id='word_1_10' title='bbox 846 387 942 456; x_wconf 87' lang='lat' dir='ltr'>pater,</span> 
     </span>
     <span class='ocr_line' id='line_1_3' title="bbox 197 465 1009 541; baseline 0.004 -18"><span class='ocrx_word' id='word_1_11' title='bbox 197 493 200 496; x_wconf 92' lang='lat'>·</span> <span class='ocrx_word' id='word_1_12' title='bbox 251 465 396 541; x_wconf 79' lang='lat' dir='ltr'>Quaeque</span> <span class='ocrx_word' id='word_1_13' title='bbox 412 465 468 524; x_wconf 89' lang='lat' dir='ltr'>viri</span> <span class='ocrx_word' id='word_1_14' title='bbox 483 465 574 526; x_wconf 82' lang='lat' dir='ltr'>docto</span> <span class='ocrx_word' id='word_1_15' title='bbox 590 470 710 523; x_wconf 87' lang='lat' dir='ltr'>veteres</span> <span class='ocrx_word' id='word_1_16' title='bbox 726 479 858 539; x_wconf 88' lang='lat' dir='ltr'>coepere</span> <span class='ocrx_word' id='word_1_17' title='bbox 873 465 1009 540; x_wconf 79' lang='lat' dir='ltr'>novique</span> 
     </span>
     <span class='ocr_line' id='line_1_4' title="bbox 206 547 905 622; baseline -0.007 -11"><span class='ocrx_word' id='word_1_18' title='bbox 206 557 210 570; x_wconf 93' lang='lat'><em>&#39;</em></span> <span class='ocrx_word' id='word_1_19' title='bbox 286 547 428 621; x_wconf 79' lang='lat' dir='ltr'><strong>Pectore,</strong></span> <span class='ocrx_word' id='word_1_20' title='bbox 445 549 568 609; x_wconf 88' lang='lat' dir='ltr'>lecturis</span> <span class='ocrx_word' id='word_1_21' title='bbox 584 547 777 622; x_wconf 88' lang='lat' dir='ltr'>inspicienda</span> <span class='ocrx_word' id='word_1_22' title='bbox 791 555 905 622; x_wconf 89' lang='lat' dir='ltr'>patent.</span> 
     </span>
     <span class='ocr_line' id='line_1_5' title="bbox 124 631 945 708; baseline -0.006 -11"><span class='ocrx_word' id='word_1_23' title='bbox 124 640 127 645; x_wconf 83' lang='lat'>&#39;</span> <span class='ocrx_word' id='word_1_24' title='bbox 203 641 237 696; x_wconf 81' lang='lat'>65</span> <span class='ocrx_word' id='word_1_25' title='bbox 252 633 440 708; x_wconf 80' lang='lat' dir='ltr'><strong>Quaerebam</strong></span> <span class='ocrx_word' id='word_1_26' title='bbox 455 635 575 705; x_wconf 85' lang='lat' dir='ltr'>iratres,</span> <span class='ocrx_word' id='word_1_27' title='bbox 593 631 730 705; x_wconf 88' lang='lat' dir='ltr'>exceptis</span> <span class='ocrx_word' id='word_1_28' title='bbox 745 631 862 691; x_wconf 88' lang='lat' dir='ltr'>scilicet</span> <span class='ocrx_word' id='word_1_29' title='bbox 876 632 945 706; x_wconf 87' lang='lat' dir='ltr'>illis,</span> 
     </span>
     <span class='ocr_line' id='line_1_6' title="bbox 128 713 977 792; baseline -0.007 -12"><span class='ocrx_word' id='word_1_30' title='bbox 128 781 131 786; x_wconf 82' lang='grc'><strong>,</strong></span> <span class='ocrx_word' id='word_1_31' title='bbox 292 717 376 792; x_wconf 88' lang='lat' dir='ltr'>Quos</span> <span class='ocrx_word' id='word_1_32' title='bbox 392 732 468 778; x_wconf 89' lang='lat' dir='ltr'>suus</span> <span class='ocrx_word' id='word_1_33' title='bbox 484 723 603 791; x_wconf 87' lang='lat' dir='ltr'>optaret</span> <span class='ocrx_word' id='word_1_34' title='bbox 616 729 678 773; x_wconf 90' lang='lat' dir='ltr'>non</span> <span class='ocrx_word' id='word_1_35' title='bbox 692 713 838 788; x_wconf 74' lang='lat' dir='ltr'>genuisse</span> <span class='ocrx_word' id='word_1_36' title='bbox 852 731 977 790; x_wconf 87' lang='lat' dir='ltr'>parens.</span> 
     </span>
     <span class='ocr_line' id='line_1_7' title="bbox 248 797 947 876; baseline -0.004 -15"><span class='ocrx_word' id='word_1_37' title='bbox 248 800 577 876; x_wconf 70' lang='lat' dir='ltr'>Quaereutemurusua</span> <span class='ocrx_word' id='word_1_38' title='bbox 592 803 697 858; x_wconf 91' lang='lat' dir='ltr'>custos</span> <span class='ocrx_word' id='word_1_39' title='bbox 713 813 730 856; x_wconf 88' lang='lat' dir='ltr'>e</span> <span class='ocrx_word' id='word_1_40' title='bbox 744 797 871 858; x_wconf 87' lang='lat' dir='ltr'>sedibus</span> <span class='ocrx_word' id='word_1_41' title='bbox 887 798 947 858; x_wconf 89' lang='lat' dir='ltr'>illis</span> 
     </span>
     <span class='ocr_line' id='line_1_8' title="bbox 236 879 912 965; baseline -0.003 -21"><span class='ocrx_word' id='word_1_42' title='bbox 236 957 239 962; x_wconf 18' lang='grc' dir='ltr'>Ι</span> <span class='ocrx_word' id='word_1_43' title='bbox 293 883 492 962; x_wconf 83' lang='lat' dir='ltr'>Praepositus</span> <span class='ocrx_word' id='word_1_44' title='bbox 508 888 614 942; x_wconf 88' lang='lat' dir='ltr'>sancto</span> <span class='ocrx_word' id='word_1_45' title='bbox 627 881 718 940; x_wconf 89' lang='lat' dir='ltr'>iussit</span> <span class='ocrx_word' id='word_1_46' title='bbox 733 879 818 941; x_wconf 87' lang='lat' dir='ltr'>abire</span> <span class='ocrx_word' id='word_1_47' title='bbox 832 882 912 965; x_wconf 81' lang='lat' dir='ltr'>ioco.</span> 
     </span>
     <span class='ocr_line' id='line_1_9' title="bbox 250 964 969 1041; baseline -0.007 -14"><span class='ocrx_word' id='word_1_48' title='bbox 250 969 355 1028; x_wconf 87' lang='lat' dir='ltr'>Altera</span> <span class='ocrx_word' id='word_1_49' title='bbox 369 966 483 1041; x_wconf 87' lang='lat' dir='ltr'>templa</span> <span class='ocrx_word' id='word_1_50' title='bbox 497 970 584 1040; x_wconf 89' lang='lat' dir='ltr'>peto,</span> <span class='ocrx_word' id='word_1_51' title='bbox 599 964 701 1024; x_wconf 89' lang='lat' dir='ltr'>vicino</span> <span class='ocrx_word' id='word_1_52' title='bbox 717 965 820 1025; x_wconf 84' lang='lat' dir='ltr'>iuncta</span> <span class='ocrx_word' id='word_1_53' title='bbox 834 965 969 1027; x_wconf 70' lang='lat' dir='ltr'>theatroa</span> 
     </span>
     <span class='ocr_line' id='line_1_10' title="bbox 204 1045 1102 1124; baseline -0.006 -10"><span class='ocrx_word' id='word_1_54' title='bbox 204 1057 239 1114; x_wconf 74' lang='lat' dir='ltr'>io</span> <span class='ocrx_word' id='word_1_55' title='bbox 294 1051 377 1110; x_wconf 90' lang='lat' dir='ltr'>Haec</span> <span class='ocrx_word' id='word_1_56' title='bbox 393 1063 518 1124; x_wconf 90' lang='lat' dir='ltr'>quoque</span> <span class='ocrx_word' id='word_1_57' title='bbox 532 1056 618 1109; x_wconf 88' lang='lat' dir='ltr'>eraut</span> <span class='ocrx_word' id='word_1_58' title='bbox 632 1045 764 1124; x_wconf 88' lang='lat' dir='ltr'>pedibus</span> <span class='ocrx_word' id='word_1_59' title='bbox 779 1064 840 1108; x_wconf 90' lang='lat' dir='ltr'>nou</span> <span class='ocrx_word' id='word_1_60' title='bbox 856 1050 1001 1111; x_wconf 86' lang='lat' dir='ltr'>adeunda</span> <span class='ocrx_word' id='word_1_61' title='bbox 1014 1050 1102 1110; x_wconf 89' lang='lat' dir='ltr'>meis.</span> 
     </span>
     <span class='ocr_line' id='line_1_11' title="bbox 240 1133 1028 1214; baseline -0.001 -20"><span class='ocrx_word' id='word_1_62' title='bbox 240 1135 314 1214; x_wconf 20' lang='lat' dir='ltr'>*Nec</span> <span class='ocrx_word' id='word_1_63' title='bbox 329 1149 393 1210; x_wconf 93' lang='lat' dir='ltr'>me,</span> <span class='ocrx_word' id='word_1_64' title='bbox 410 1149 489 1208; x_wconf 87' lang='lat' dir='ltr'>quae</span> <span class='ocrx_word' id='word_1_65' title='bbox 504 1133 603 1194; x_wconf 88' lang='lat' dir='ltr'>doctis</span> <span class='ocrx_word' id='word_1_66' title='bbox 618 1139 781 1208; x_wconf 85' lang='lat' dir='ltr'>patuerunt</span> <span class='ocrx_word' id='word_1_67' title='bbox 795 1133 894 1207; x_wconf 87' lang='lat' dir='ltr'>prima</span> <span class='ocrx_word' id='word_1_68' title='bbox 909 1133 1028 1208; x_wconf 81' lang='lat' dir='ltr'>libellis,</span> 
     </span>
     <span class='ocr_line' id='line_1_12' title="bbox 290 1217 1043 1298; baseline -0.004 -19"><span class='ocrx_word' id='word_1_69' title='bbox 290 1219 376 1279; x_wconf 84' lang='lat' dir='ltr'>Atria</span> <span class='ocrx_word' id='word_1_70' title='bbox 389 1217 526 1278; x_wconf 86' lang='lat' dir='ltr'>Libertas</span> <span class='ocrx_word' id='word_1_71' title='bbox 541 1224 666 1292; x_wconf 76' lang='lat' dir='ltr'>tangere</span> <span class='ocrx_word' id='word_1_72' title='bbox 680 1232 777 1291; x_wconf 87' lang='lat' dir='ltr'>passa</span> <span class='ocrx_word' id='word_1_73' title='bbox 791 1231 849 1276; x_wconf 88' lang='lat' dir='ltr'>sua</span> <span class='ocrx_word' id='word_1_74' title='bbox 863 1222 920 1277; x_wconf 87' lang='lat' dir='ltr'>est.</span> <span class='ocrx_word' id='word_1_75' title='bbox 935 1236 940 1248; x_wconf 68' lang='lat'><em>⁴</em></span> <span class='ocrx_word' id='word_1_76' title='bbox 1041 1295 1043 1298; x_wconf 16' lang='grc' dir='ltr'>Ι</span> 
     </span>
     <span class='ocr_line' id='line_1_13' title="bbox 148 1293 1089 1376; baseline -0.009 -14"><span class='ocrx_word' id='word_1_77' title='bbox 148 1315 150 1320; x_wconf 84' lang='grc'><strong>’</strong></span> <span class='ocrx_word' id='word_1_78' title='bbox 250 1303 284 1362; x_wconf 88' lang='lat' dir='ltr'>In</span> <span class='ocrx_word' id='word_1_79' title='bbox 300 1318 398 1376; x_wconf 85' lang='lat' dir='ltr'>genus</span> <span class='ocrx_word' id='word_1_80' title='bbox 413 1302 546 1362; x_wconf 89' lang='lat' dir='ltr'>auctoris</span> <span class='ocrx_word' id='word_1_81' title='bbox 562 1301 665 1360; x_wconf 87' lang='lat' dir='ltr'>miseri</span> <span class='ocrx_word' id='word_1_82' title='bbox 680 1302 802 1360; x_wconf 79' lang='lat' dir='ltr'>fortuna</span> <span class='ocrx_word' id='word_1_83' title='bbox 815 1293 984 1374; x_wconf 60' lang='lat' dir='ltr'>redundat‘</span> <span class='ocrx_word' id='word_1_84' title='bbox 1086 1347 1089 1354; x_wconf 91' lang='grc'>.</span> 
     </span>
     <span class='ocr_line' id='line_1_14' title="bbox 289 1384 964 1460; baseline -0.006 -14"><span class='ocrx_word' id='word_1_85' title='bbox 289 1386 472 1460; x_wconf 85' lang='lat' dir='ltr'>Etpatimur</span> <span class='ocrx_word' id='word_1_86' title='bbox 485 1385 547 1446; x_wconf 84' lang='lat' dir='ltr'>nati</span> <span class='ocrx_word' id='word_1_87' title='bbox 562 1399 653 1460; x_wconf 87' lang='lat' dir='ltr'>quam</span> <span class='ocrx_word' id='word_1_88' title='bbox 669 1384 737 1444; x_wconf 90' lang='lat' dir='ltr'>tulit</span> <span class='ocrx_word' id='word_1_89' title='bbox 751 1385 835 1458; x_wconf 90' lang='lat' dir='ltr'>ipse,</span> <span class='ocrx_word' id='word_1_90' title='bbox 850 1386 964 1458; x_wconf 84' lang='lat' dir='ltr'>lugam.</span> 
     </span>
     <span class='ocr_line' id='line_1_15' title="bbox 204 1465 1060 1543; baseline -0.007 -9"><span class='ocrx_word' id='word_1_91' title='bbox 204 1477 238 1534; x_wconf 80' lang='lat'>75</span> <span class='ocrx_word' id='word_1_92' title='bbox 252 1469 392 1530; x_wconf 81' lang='lat' dir='ltr'>Forsitan</span> <span class='ocrx_word' id='word_1_93' title='bbox 407 1465 438 1528; x_wconf 82' lang='lat' dir='ltr'>et</span> <span class='ocrx_word' id='word_1_94' title='bbox 451 1468 541 1528; x_wconf 88' lang='lat' dir='ltr'>nobis</span> <span class='ocrx_word' id='word_1_95' title='bbox 557 1468 628 1529; x_wconf 92' lang='lat' dir='ltr'>olim</span> <span class='ocrx_word' id='word_1_96' title='bbox 642 1469 742 1529; x_wconf 89' lang='lat' dir='ltr'>minus</span> <span class='ocrx_word' id='word_1_97' title='bbox 758 1482 852 1543; x_wconf 82' lang='lat' dir='ltr'>asper</span> <span class='ocrx_word' id='word_1_98' title='bbox 866 1475 896 1527; x_wconf 89' lang='lat' dir='ltr'>et</span> <span class='ocrx_word' id='word_1_99' title='bbox 909 1466 952 1528; x_wconf 91' lang='lat' dir='ltr'>illi</span> <span class='ocrx_word' id='word_1_100' title='bbox 1055 1511 1060 1519; x_wconf 27' lang='grc' dir='ltr'><strong><em>κ</em></strong></span> 
     </span>
     <span class='ocr_line' id='line_1_16' title="bbox 292 1551 1139 1630; baseline -0.002 -18"><span class='ocrx_word' id='word_1_101' title='bbox 292 1553 417 1612; x_wconf 78' lang='lat' dir='ltr'>Evictus</span> <span class='ocrx_word' id='word_1_102' title='bbox 432 1553 525 1626; x_wconf 84' lang='lat' dir='ltr'>longo</span> <span class='ocrx_word' id='word_1_103' title='bbox 540 1559 680 1627; x_wconf 86' lang='lat' dir='ltr'>tempore</span> <span class='ocrx_word' id='word_1_104' title='bbox 694 1552 808 1612; x_wconf 85' lang='lat' dir='ltr'>Caesar</span> <span class='ocrx_word' id='word_1_105' title='bbox 822 1551 886 1610; x_wconf 88' lang='lat' dir='ltr'>erit.</span> <span class='ocrx_word' id='word_1_106' title='bbox 1030 1551 1082 1630; x_wconf 88' lang='lat' dir='ltr'>[da</span> <span class='ocrx_word' id='word_1_107' title='bbox 1093 1558 1139 1612; x_wconf 88' lang='lat' dir='ltr'>est</span> 
     </span>
     <span class='ocr_line' id='line_1_17' title="bbox 251 1633 1254 1736; baseline -0.003 -39"><span class='ocrx_word' id='word_1_108' title='bbox 251 1636 297 1709; x_wconf 91' lang='lat' dir='ltr'>Di,</span> <span class='ocrx_word' id='word_1_109' title='bbox 317 1651 435 1712; x_wconf 84' lang='lat' dir='ltr'>precor,</span> <span class='ocrx_word' id='word_1_110' title='bbox 448 1643 539 1712; x_wconf 86' lang='lat' dir='ltr'>atque</span> <span class='ocrx_word' id='word_1_111' title='bbox 550 1636 629 1696; x_wconf 89' lang='lat' dir='ltr'>adeo</span> <span class='ocrx_word' id='word_1_112' title='bbox 683 1651 784 1710; x_wconf 88' lang='lat' dir='ltr'>neque</span> <span class='ocrx_word' id='word_1_113' title='bbox 797 1635 876 1694; x_wconf 88' lang='lat' dir='ltr'>culm</span> <span class='ocrx_word' id='word_1_114' title='bbox 888 1635 961 1694; x_wconf 85' lang='lat' dir='ltr'>milri</span> <span class='ocrx_word' id='word_1_115' title='bbox 972 1633 1060 1695; x_wconf 85' lang='lat' dir='ltr'>turbo</span> <span class='ocrx_word' id='word_1_116' title='bbox 1069 1645 1183 1710; x_wconf 85' lang='lat' dir='ltr'>rogan·</span> <span class='ocrx_word' id='word_1_117' title='bbox 1253 1649 1254 1736; x_wconf 50' lang='lat' dir='ltr'>p</span> 
     </span>
     <span class='ocr_line' id='line_1_18' title="bbox 294 1719 969 1794; baseline -0.006 -14"><span class='ocrx_word' id='word_1_118' title='bbox 294 1721 422 1794; x_wconf 82' lang='lat' dir='ltr'>Caesar,</span> <span class='ocrx_word' id='word_1_119' title='bbox 438 1719 514 1780; x_wconf 86' lang='lat' dir='ltr'>ades</span> <span class='ocrx_word' id='word_1_120' title='bbox 532 1726 620 1791; x_wconf 87' lang='lat' dir='ltr'>voto,</span> <span class='ocrx_word' id='word_1_121' title='bbox 635 1721 768 1778; x_wconf 85' lang='lat' dir='ltr'>maxime</span> <span class='ocrx_word' id='word_1_122' title='bbox 783 1719 868 1793; x_wconf 88' lang='lat' dir='ltr'>dive,</span> <span class='ocrx_word' id='word_1_123' title='bbox 883 1723 969 1778; x_wconf 81' lang='lat' dir='ltr'>meo!</span> 
     </span>
     <span class='ocr_line' id='line_1_19' title="bbox 252 1801 1069 1879; baseline -0.004 -15"><span class='ocrx_word' id='word_1_124' title='bbox 252 1806 387 1879; x_wconf 88' lang='lat' dir='ltr'>interea,</span> <span class='ocrx_word' id='word_1_125' title='bbox 403 1803 548 1878; x_wconf 87' lang='lat' dir='ltr'>quoniam</span> <span class='ocrx_word' id='word_1_126' title='bbox 560 1803 650 1864; x_wconf 87' lang='lat' dir='ltr'>statio</span> <span class='ocrx_word' id='word_1_127' title='bbox 668 1801 740 1862; x_wconf 87' lang='lat' dir='ltr'>mihi</span> <span class='ocrx_word' id='word_1_128' title='bbox 755 1801 879 1876; x_wconf 86' lang='lat' dir='ltr'>publica</span> <span class='ocrx_word' id='word_1_129' title='bbox 893 1802 999 1863; x_wconf 88' lang='lat' dir='ltr'>clausa</span> <span class='ocrx_word' id='word_1_130' title='bbox 1013 1808 1069 1874; x_wconf 85' lang='lat' dir='ltr'>est,</span> 
     </span>
     <span class='ocr_line' id='line_1_20' title="bbox 204 1886 1254 1954; baseline 0.004 -8"><span class='ocrx_word' id='word_1_131' title='bbox 204 1899 239 1954; x_wconf 76' lang='lat' dir='ltr'>so</span> <span class='ocrx_word' id='word_1_132' title='bbox 292 1887 414 1946; x_wconf 86' lang='lat' dir='ltr'>Privato</span> <span class='ocrx_word' id='word_1_133' title='bbox 428 1886 517 1946; x_wconf 89' lang='lat' dir='ltr'>liceat</span> <span class='ocrx_word' id='word_1_134' title='bbox 531 1887 690 1948; x_wconf 87' lang='lat' dir='ltr'>delituisse</span> <span class='ocrx_word' id='word_1_135' title='bbox 705 1887 809 1946; x_wconf 82' lang='lat' dir='ltr'>ioco·</span> <span class='ocrx_word' id='word_1_136' title='bbox 1253 1923 1254 1950; x_wconf 75' lang='lat'>1</span> 
     </span>
     <span class='ocr_line' id='line_1_21' title="bbox 252 1968 1101 2046; baseline -0.007 -14"><span class='ocrx_word' id='word_1_137' title='bbox 252 1973 319 2032; x_wconf 90' lang='lat' dir='ltr'>Vos</span> <span class='ocrx_word' id='word_1_138' title='bbox 335 1984 473 2046; x_wconf 86' lang='lat' dir='ltr'>quoque,</span> <span class='ocrx_word' id='word_1_139' title='bbox 491 1969 518 2031; x_wconf 93' lang='lat' dir='ltr'>si</span> <span class='ocrx_word' id='word_1_140' title='bbox 534 1970 581 2030; x_wconf 88' lang='lat' dir='ltr'>las</span> <span class='ocrx_word' id='word_1_141' title='bbox 597 1976 658 2045; x_wconf 85' lang='lat' dir='ltr'>est,</span> <span class='ocrx_word' id='word_1_142' title='bbox 679 1971 808 2032; x_wconf 82' lang='lat' dir='ltr'>contusa</span> <span class='ocrx_word' id='word_1_143' title='bbox 822 1968 942 2044; x_wconf 81' lang='lat' dir='ltr'>pudore</span> <span class='ocrx_word' id='word_1_144' title='bbox 957 1969 1101 2044; x_wconf 84' lang='lat' dir='ltr'>repulsae</span> 
     </span>
     <span class='ocr_line' id='line_1_22' title="bbox 207 2053 1040 2130; baseline -0.004 -15"><span class='ocrx_word' id='word_1_145' title='bbox 207 2073 211 2076; x_wconf 89' lang='grc'>·</span> <span class='ocrx_word' id='word_1_146' title='bbox 295 2053 411 2114; x_wconf 84' lang='lat' dir='ltr'>Sumite</span> <span class='ocrx_word' id='word_1_147' title='bbox 425 2053 566 2130; x_wconf 84' lang='lat' dir='ltr'>plebeiae</span> <span class='ocrx_word' id='word_1_148' title='bbox 581 2054 715 2115; x_wconf 88' lang='lat' dir='ltr'>carmina</span> <span class='ocrx_word' id='word_1_149' title='bbox 730 2059 968 2112; x_wconf 79' lang='lat' dir='ltr'>nostramanus.</span> <span class='ocrx_word' id='word_1_150' title='bbox 1038 2122 1040 2124; x_wconf 17' lang='lat'>¹</span> 
     </span>
    </p>
   </div>
   <div class='ocr_carea' id='block_1_3' title="bbox 187 2185 1254 3552">
    <p class='ocr_par' dir='ltr' id='par_1_3' title="bbox 187 2185 1254 3552">
     <span class='ocr_line' id='line_1_23' title="bbox 187 2185 1117 2297; baseline -0.008 -11"><span class='ocrx_word' id='word_1_151' title='bbox 187 2191 231 2286; x_wconf 76' lang='lat'>2·</span> <span class='ocrx_word' id='word_1_152' title='bbox 248 2185 337 2297; x_wconf 75' lang='lat' dir='ltr'>Ergo</span> <span class='ocrx_word' id='word_1_153' title='bbox 353 2228 418 2283; x_wconf 84' lang='lat' dir='ltr'>erat</span> <span class='ocrx_word' id='word_1_154' title='bbox 432 2221 463 2280; x_wconf 90' lang='lat' dir='ltr'>in</span> <span class='ocrx_word' id='word_1_155' title='bbox 480 2221 550 2281; x_wconf 88' lang='lat' dir='ltr'>latis</span> <span class='ocrx_word' id='word_1_156' title='bbox 566 2219 723 2296; x_wconf 79' lang='lat' dir='ltr'>Scythiam</span> <span class='ocrx_word' id='word_1_157' title='bbox 739 2237 863 2295; x_wconf 83' lang='lat' dir='ltr'>quoque</span> <span class='ocrx_word' id='word_1_158' title='bbox 878 2223 980 2281; x_wconf 88' lang='lat' dir='ltr'>visere</span> <span class='ocrx_word' id='word_1_159' title='bbox 995 2220 1117 2295; x_wconf 85' lang='lat' dir='ltr'>nostris,</span> 
     </span>
     <span class='ocr_line' id='line_1_24' title="bbox 295 2303 967 2380; baseline -0.003 -16"><span class='ocrx_word' id='word_1_160' title='bbox 295 2305 441 2380; x_wconf 80' lang='lat' dir='ltr'>Quaeque</span> <span class='ocrx_word' id='word_1_161' title='bbox 454 2304 613 2380; x_wconf 79' lang='lat' dir='ltr'>Lycaonio</span> <span class='ocrx_word' id='word_1_162' title='bbox 629 2310 710 2364; x_wconf 86' lang='lat' dir='ltr'>term</span> <span class='ocrx_word' id='word_1_163' title='bbox 724 2303 781 2364; x_wconf 88' lang='lat' dir='ltr'>sub</span> <span class='ocrx_word' id='word_1_164' title='bbox 796 2319 855 2364; x_wconf 85' lang='lat' dir='ltr'>axe</span> <span class='ocrx_word' id='word_1_165' title='bbox 867 2305 967 2364; x_wconf 68' lang='lat' dir='ltr'>iacet?</span> 
     </span>
     <span class='ocr_line' id='line_1_25' title="bbox 253 2387 1010 2462; baseline -0.003 -15"><span class='ocrx_word' id='word_1_166' title='bbox 253 2387 315 2448; x_wconf 89' lang='lat' dir='ltr'>Nec</span> <span class='ocrx_word' id='word_1_167' title='bbox 332 2403 403 2460; x_wconf 88' lang='lat' dir='ltr'>vos,</span> <span class='ocrx_word' id='word_1_168' title='bbox 419 2387 573 2459; x_wconf 52' lang='lat' dir='ltr'>Pierides</span> <span class='ocrx_word' id='word_1_169' title='bbox 588 2401 646 2446; x_wconf 87' lang='lat' dir='ltr'>nec</span> <span class='ocrx_word' id='word_1_170' title='bbox 661 2387 755 2462; x_wconf 85' lang='lat' dir='ltr'>stirps</span> <span class='ocrx_word' id='word_1_171' title='bbox 769 2387 890 2459; x_wconf 85' lang='lat' dir='ltr'>Letoia,</span> <span class='ocrx_word' id='word_1_172' title='bbox 907 2393 1010 2449; x_wconf 89' lang='lat' dir='ltr'>vestro</span> 
     </span>
     <span class='ocr_line' id='line_1_26' title="bbox 291 2465 1041 2546; baseline -0.004 -15"><span class='ocrx_word' id='word_1_173' title='bbox 291 2471 389 2532; x_wconf 89' lang='lat' dir='ltr'>Docta</span> <span class='ocrx_word' id='word_1_174' title='bbox 402 2469 555 2531; x_wconf 88' lang='lat' dir='ltr'>sacerdoti</span> <span class='ocrx_word' id='word_1_175' title='bbox 570 2469 658 2530; x_wconf 86' lang='lat' dir='ltr'>turba</span> <span class='ocrx_word' id='word_1_176' title='bbox 670 2471 782 2531; x_wconf 86' lang='lat' dir='ltr'>tulistis</span> <span class='ocrx_word' id='word_1_177' title='bbox 798 2485 898 2546; x_wconf 88' lang='lat' dir='ltr'>opem.</span> <span class='ocrx_word' id='word_1_178' title='bbox 933 2493 939 2502; x_wconf 95' lang='lat'><em>·</em></span> <span class='ocrx_word' id='word_1_179' title='bbox 1039 2465 1041 2470; x_wconf 76' lang='grc'><strong>’</strong></span> 
     </span>
     <span class='ocr_line' id='line_1_27' title="bbox 208 2552 1114 2629; baseline -0.008 -10"><span class='ocrx_word' id='word_1_180' title='bbox 208 2555 301 2619; x_wconf 77' lang='lat' dir='ltr'>oNec</span> <span class='ocrx_word' id='word_1_181' title='bbox 316 2553 389 2613; x_wconf 89' lang='lat' dir='ltr'>mihi</span> <span class='ocrx_word' id='word_1_182' title='bbox 405 2553 489 2628; x_wconf 89' lang='lat' dir='ltr'>quod</span> <span class='ocrx_word' id='word_1_183' title='bbox 504 2554 563 2613; x_wconf 88' lang='lat' dir='ltr'>lusi</span> <span class='ocrx_word' id='word_1_184' title='bbox 579 2568 653 2613; x_wconf 87' lang='lat' dir='ltr'>vero</span> <span class='ocrx_word' id='word_1_185' title='bbox 667 2553 737 2614; x_wconf 87' lang='lat' dir='ltr'>sine</span> <span class='ocrx_word' id='word_1_186' title='bbox 752 2553 891 2629; x_wconf 86' lang='lat' dir='ltr'>crimine,</span> <span class='ocrx_word' id='word_1_187' title='bbox 912 2552 1049 2628; x_wconf 78' lang='lat' dir='ltr'>prodest,</span> <span class='ocrx_word' id='word_1_188' title='bbox 1112 2562 1114 2566; x_wconf 80' lang='grc'>’</span> 
     </span>
     <span class='ocr_line' id='line_1_28' title="bbox 299 2636 1254 2712; baseline -0.008 -14"><span class='ocrx_word' id='word_1_189' title='bbox 299 2637 449 2712; x_wconf 78' lang='lat' dir='ltr'>Quodque</span> <span class='ocrx_word' id='word_1_190' title='bbox 465 2636 562 2712; x_wconf 83' lang='lat' dir='ltr'>magis</span> <span class='ocrx_word' id='word_1_191' title='bbox 581 2637 644 2697; x_wconf 81' lang='lat' dir='ltr'>vita</span> <span class='ocrx_word' id='word_1_192' title='bbox 658 2636 748 2698; x_wconf 84' lang='lat' dir='ltr'>Musa</span> <span class='ocrx_word' id='word_1_193' title='bbox 762 2637 863 2697; x_wconf 84' lang='lat' dir='ltr'>iocata</span> <span class='ocrx_word' id='word_1_194' title='bbox 878 2653 948 2697; x_wconf 86' lang='lat' dir='ltr'>mea</span> <span class='ocrx_word' id='word_1_195' title='bbox 962 2643 1025 2695; x_wconf 78' lang='lat' dir='ltr'>est=</span> <span class='ocrx_word' id='word_1_196' title='bbox 1253 2693 1254 2706; x_wconf 19' lang='lat'>¹</span> 
     </span>
     <span class='ocr_line' id='line_1_29' title="bbox 254 2721 1254 2796; baseline -0.003 -14"><span class='ocrx_word' id='word_1_197' title='bbox 254 2721 387 2782; x_wconf 89' lang='lat' dir='ltr'>Plurima</span> <span class='ocrx_word' id='word_1_198' title='bbox 400 2721 457 2780; x_wconf 86' lang='lat' dir='ltr'>sed</span> <span class='ocrx_word' id='word_1_199' title='bbox 473 2721 584 2796; x_wconf 79' lang='lat' dir='ltr'>pelago</span> <span class='ocrx_word' id='word_1_200' title='bbox 599 2728 742 2795; x_wconf 86' lang='lat' dir='ltr'>terraque</span> <span class='ocrx_word' id='word_1_201' title='bbox 756 2721 893 2794; x_wconf 85' lang='lat' dir='ltr'>pericula</span> <span class='ocrx_word' id='word_1_202' title='bbox 911 2735 1041 2796; x_wconf 88' lang='lat' dir='ltr'>passum</span> <span class='ocrx_word' id='word_1_203' title='bbox 1253 2733 1254 2740; x_wconf 52' lang='lat'>¹</span> 
     </span>
     <span class='ocr_line' id='line_1_30' title="bbox 293 2803 959 2878; baseline -0.004 -12"><span class='ocrx_word' id='word_1_204' title='bbox 293 2803 389 2866; x_wconf 89' lang='lat' dir='ltr'>Ustus</span> <span class='ocrx_word' id='word_1_205' title='bbox 404 2804 443 2863; x_wconf 90' lang='lat' dir='ltr'>ab</span> <span class='ocrx_word' id='word_1_206' title='bbox 458 2805 588 2864; x_wconf 88' lang='lat' dir='ltr'>assiduo</span> <span class='ocrx_word' id='word_1_207' title='bbox 602 2803 716 2878; x_wconf 77' lang='lat' dir='ltr'>frigore</span> <span class='ocrx_word' id='word_1_208' title='bbox 727 2804 843 2864; x_wconf 86' lang='lat' dir='ltr'>Pontus</span> <span class='ocrx_word' id='word_1_209' title='bbox 858 2803 959 2864; x_wconf 84' lang='lat' dir='ltr'>habet.</span> 
     </span>
     <span class='ocr_line' id='line_1_31' title="bbox 256 2887 1254 2970; baseline -0.004 -20"><span class='ocrx_word' id='word_1_210' title='bbox 256 2889 375 2964; x_wconf 81' lang='lat' dir='ltr'>Quique</span> <span class='ocrx_word' id='word_1_211' title='bbox 389 2887 483 2960; x_wconf 83' lang='lat' dir='ltr'>fugax</span> <span class='ocrx_word' id='word_1_212' title='bbox 497 2901 599 2946; x_wconf 88' lang='lat' dir='ltr'>rerum</span> <span class='ocrx_word' id='word_1_213' title='bbox 613 2902 786 2962; x_wconf 85' lang='lat' dir='ltr'>securaque</span> <span class='ocrx_word' id='word_1_214' title='bbox 800 2888 831 2948; x_wconf 90' lang='lat' dir='ltr'>iu</span> <span class='ocrx_word' id='word_1_215' title='bbox 847 2889 909 2948; x_wconf 89' lang='lat' dir='ltr'>otia</span> <span class='ocrx_word' id='word_1_216' title='bbox 924 2891 1024 2959; x_wconf 89' lang='lat' dir='ltr'>natus,</span> <span class='ocrx_word' id='word_1_217' title='bbox 1253 2941 1254 2970; x_wconf 25' lang='lat' dir='ltr'>p</span> 
     </span>
     <span class='ocr_line' id='line_1_32' title="bbox 205 2966 1254 3046; baseline -0.003 -16"><span class='ocrx_word' id='word_1_218' title='bbox 205 2983 240 3046; x_wconf 68' lang='grc' dir='ltr'>ιο</span> <span class='ocrx_word' id='word_1_219' title='bbox 294 2970 396 3030; x_wconf 86' lang='lat' dir='ltr'>Mollis</span> <span class='ocrx_word' id='word_1_220' title='bbox 412 2975 441 3030; x_wconf 87' lang='lat' dir='ltr'>et</span> <span class='ocrx_word' id='word_1_221' title='bbox 455 2969 607 3045; x_wconf 86' lang='lat' dir='ltr'>inpatieus</span> <span class='ocrx_word' id='word_1_222' title='bbox 622 2977 692 3030; x_wconf 82' lang='lat' dir='ltr'>autc</span> <span class='ocrx_word' id='word_1_223' title='bbox 706 2971 820 3032; x_wconf 82' lang='lat' dir='ltr'>laboris</span> <span class='ocrx_word' id='word_1_224' title='bbox 835 2986 940 3044; x_wconf 38' lang='lat' dir='ltr'>erems</span> <span class='ocrx_word' id='word_1_225' title='bbox 1068 2966 1081 3018; x_wconf 78' lang='lat'>‘-</span> <span class='ocrx_word' id='word_1_226' title='bbox 1253 2971 1254 2998; x_wconf 59' lang='lat'><strong>¹</strong></span> 
     </span>
     <span class='ocr_line' id='line_1_33' title="bbox 255 3052 1215 3142; baseline -0.007 -25"><span class='ocrx_word' id='word_1_227' title='bbox 255 3055 367 3118; x_wconf 85' lang='lat' dir='ltr'>Ultima</span> <span class='ocrx_word' id='word_1_228' title='bbox 381 3069 461 3113; x_wconf 86' lang='lat' dir='ltr'>nuuc</span> <span class='ocrx_word' id='word_1_229' title='bbox 477 3053 583 3129; x_wconf 86' lang='lat' dir='ltr'>patior.</span> <span class='ocrx_word' id='word_1_230' title='bbox 620 3068 740 3114; x_wconf 89' lang='lat' dir='ltr'>necme</span> <span class='ocrx_word' id='word_1_231' title='bbox 759 3071 844 3115; x_wconf 85' lang='lat' dir='ltr'>mare</span> <span class='ocrx_word' id='word_1_232' title='bbox 858 3053 999 3129; x_wconf 88' lang='lat' dir='ltr'>portibus</span> <span class='ocrx_word' id='word_1_233' title='bbox 1020 3052 1128 3142; x_wconf 56' lang='lat' dir='ltr'>orlaum</span> <span class='ocrx_word' id='word_1_234' title='bbox 1212 3057 1215 3088; x_wconf 82' lang='lat'>³</span> 
     </span>
     <span class='ocr_line' id='line_1_34' title="bbox 202 3137 1254 3214; baseline 0.006 -20"><span class='ocrx_word' id='word_1_235' title='bbox 202 3187 206 3194; x_wconf 89' lang='lat'><em>.</em></span> <span class='ocrx_word' id='word_1_236' title='bbox 295 3137 443 3214; x_wconf 85' lang='lat' dir='ltr'>Perdere,</span> <span class='ocrx_word' id='word_1_237' title='bbox 463 3137 607 3198; x_wconf 86' lang='lat' dir='ltr'>diversae</span> <span class='ocrx_word' id='word_1_238' title='bbox 620 3153 677 3198; x_wconf 85' lang='lat' dir='ltr'>nec</span> <span class='ocrx_word' id='word_1_239' title='bbox 693 3146 820 3214; x_wconf 90' lang='lat' dir='ltr'>potuere</span> <span class='ocrx_word' id='word_1_240' title='bbox 838 3140 917 3213; x_wconf 85' lang='lat' dir='ltr'>viae,</span> <span class='ocrx_word' id='word_1_241' title='bbox 1214 3199 1217 3204; x_wconf 86' lang='grc'><strong>,</strong></span> <span class='ocrx_word' id='word_1_242' title='bbox 1253 3187 1254 3190; x_wconf 63' lang='lat'>,</span> 
     </span>
     <span class='ocr_line' id='line_1_35' title="bbox 257 3219 1219 3298; baseline -0.004 -14"><span class='ocrx_word' id='word_1_243' title='bbox 257 3219 445 3296; x_wconf 81' lang='lat' dir='ltr'>Suffecitque</span> <span class='ocrx_word' id='word_1_244' title='bbox 458 3221 547 3282; x_wconf 90' lang='lat' dir='ltr'>malis</span> <span class='ocrx_word' id='word_1_245' title='bbox 562 3223 690 3283; x_wconf 88' lang='lat' dir='ltr'>animus.</span> <span class='ocrx_word' id='word_1_246' title='bbox 718 3238 789 3284; x_wconf 90' lang='lat' dir='ltr'>nam</span> <span class='ocrx_word' id='word_1_247' title='bbox 805 3237 920 3298; x_wconf 86' lang='lat' dir='ltr'>corpus</span> <span class='ocrx_word' id='word_1_248' title='bbox 936 3219 975 3280; x_wconf 90' lang='lat' dir='ltr'>ab</span> <span class='ocrx_word' id='word_1_249' title='bbox 991 3219 1042 3280; x_wconf 89' lang='lat' dir='ltr'>illo</span> <span class='ocrx_word' id='word_1_250' title='bbox 1133 3261 1137 3263; x_wconf 94' lang='lat'>-</span> <span class='ocrx_word' id='word_1_251' title='bbox 1215 3229 1219 3263; x_wconf 76' lang='lat'>³</span> 
     </span>
     <span class='ocr_line' id='line_1_36' title="bbox 297 3301 1030 3381; baseline 0.001 -17"><span class='ocrx_word' id='word_1_252' title='bbox 297 3303 428 3380; x_wconf 82' lang='lat' dir='ltr'>Accepit</span> <span class='ocrx_word' id='word_1_253' title='bbox 442 3302 540 3379; x_wconf 80' lang='lat' dir='ltr'>vires,</span> <span class='ocrx_word' id='word_1_254' title='bbox 556 3307 671 3381; x_wconf 88' lang='lat' dir='ltr'>vixque</span> <span class='ocrx_word' id='word_1_255' title='bbox 687 3301 815 3366; x_wconf 78' lang='lat' dir='ltr'>ferenda</span> <span class='ocrx_word' id='word_1_256' title='bbox 826 3307 904 3368; x_wconf 88' lang='lat' dir='ltr'>tulit.</span> <span class='ocrx_word' id='word_1_257' title='bbox 1029 3351 1030 3354; x_wconf 63' lang='lat'>,</span> 
     </span>
     <span class='ocr_line' id='line_1_37' title="bbox 205 3386 1043 3459; baseline -0.005 -7"><span class='ocrx_word' id='word_1_258' title='bbox 205 3397 239 3452; x_wconf 79' lang='lat'>15</span> <span class='ocrx_word' id='word_1_259' title='bbox 253 3390 331 3450; x_wconf 88' lang='lat' dir='ltr'>Dum</span> <span class='ocrx_word' id='word_1_260' title='bbox 345 3395 446 3449; x_wconf 87' lang='lat' dir='ltr'>tamen</span> <span class='ocrx_word' id='word_1_261' title='bbox 462 3396 492 3449; x_wconf 91' lang='lat' dir='ltr'>et</span> <span class='ocrx_word' id='word_1_262' title='bbox 505 3390 603 3450; x_wconf 85' lang='lat' dir='ltr'>ventis</span> <span class='ocrx_word' id='word_1_263' title='bbox 620 3389 730 3450; x_wconf 87' lang='lat' dir='ltr'>dubius</span> <span class='ocrx_word' id='word_1_264' title='bbox 745 3389 883 3451; x_wconf 86' lang='lat' dir='ltr'>iactabar</span> <span class='ocrx_word' id='word_1_265' title='bbox 897 3395 928 3449; x_wconf 88' lang='lat' dir='ltr'>et</span> <span class='ocrx_word' id='word_1_266' title='bbox 942 3386 1043 3459; x_wconf 88' lang='lat' dir='ltr'>undis,</span> 
     </span>
     <span class='ocr_line' id='line_1_38' title="bbox 215 3469 940 3552; baseline 0 -23"><span class='ocrx_word' id='word_1_267' title='bbox 215 3473 226 3491; x_wconf 88' lang='grc'><em>·</em></span> <span class='ocrx_word' id='word_1_268' title='bbox 297 3469 433 3534; x_wconf 84' lang='lat' dir='ltr'>Fallcbat</span> <span class='ocrx_word' id='word_1_269' title='bbox 453 3485 542 3533; x_wconf 86' lang='lat' dir='ltr'>curas</span> <span class='ocrx_word' id='word_1_270' title='bbox 557 3487 712 3548; x_wconf 80' lang='lat' dir='ltr'>aegraque</span> <span class='ocrx_word' id='word_1_271' title='bbox 727 3474 823 3552; x_wconf 86' lang='lat' dir='ltr'>corda</span> <span class='ocrx_word' id='word_1_272' title='bbox 837 3471 940 3536; x_wconf 71' lang='lat' dir='ltr'>labora</span> 
     </span>
    </p>
   </div>
   <div class='ocr_carea' id='block_1_4' title="bbox 0 0 1264 4012">
    <p class='ocr_par' dir='ltr' id='par_1_4' title="bbox 0 0 1264 4012">
     <span class='ocr_line' id='line_1_39' title="bbox 0 0 1264 4012; baseline 0 0"><span class='ocrx_word' id='word_1_273' title='bbox 0 0 1264 4012; x_wconf 95' lang='lat' dir='ltr'> </span> 
     </span>
    </p>
   </div>
  </div>
 </body>
</html>
