2524 4004
142 143 206 210 atto
334 167 336 170 ·
375 139 600 202 exrouro
623 139 681 214 w,
705 137 760 216 ro,
783 123 925 202 1o-'sa
1013 161 1014 168 Ν

268 295 411 358 Deseruit
425 293 517 354 celeri
530 295 629 352 morte
645 288 778 353 Sabinus
794 306 890 367 opus=

165 437 167 441 ,
226 378 407 454 Ingeniique
422 377 471 438 sui
486 375 586 437 Metus
602 374 785 449 cognomine
798 375 927 450 Largus,

269 463 386 523 Gallica
401 459 453 535 qui
467 457 634 536 Phrygium
648 457 737 519 duxit
749 457 781 520 in
795 474 871 519 arva
885 471 1007 520 senem=

228 546 348 622 Quique
362 546 443 605 canit
456 544 603 606 domitam
617 541 796 603 Camerinus
811 541 849 602 ab
864 541 997 605 Hercule
1009 541 1148 604 Troiama

179 642 218 698 att
270 629 390 706 Quique
405 645 463 691 sua
475 641 588 689 nomen
597 625 743 704 Phyllide
757 624 876 687 Tuscus
890 623 1000 686 habet:

225 711 422 787 velivolique
435 712 530 772 maris
545 723 667 782 nomen,
691 709 740 770 oui
756 709 883 770 credere
897 709 1002 786 possis
1055 714 1060 724 ‘

267 797 407 858 Carmina
420 793 582 855 caeruleos
597 793 814 868 composuisse
829 792 927 854 deos?
971 821 988 830 .‚
1005 821 1012 834 -
1063 803 1065 805 ·

227 881 345 957 Quique
361 878 444 939 acies
458 875 593 954 Libycas
609 875 811 952 Romanaque
825 876 945 952 proelia
958 875 1048 938 dixit=

266 965 304 1026 Et
318 963 442 1037 Marius,⁴
465 957 571 1038 scripti
585 957 692 1043 dexter
705 960 737 1020 in
752 975 843 1020 omne
858 973 970 1036 genust
1010 966 1013 974 ’

180 1065 215 1119 25
226 1045 464 1123 Trinacriusque
478 1061 556 1107 suae
569 1041 735 1104 Perseidos
750 1049 866 1118 auctor,
889 1049 919 1104 et
932 1050 1040 1107 auctor

265 1131 443 1193 Tantalidae
456 1128 579 1190 reducis
593 1125 853 1206 Tyndaridosque
867 1127 989 1206 Lupusz

225 1215 263 1276 Et
278 1215 330 1290 qui
344 1213 518 1276 Maeoniam
531 1211 705 1272 Phaeacida
719 1211 821 1272 vertit:
842 1217 872 1272 et
885 1208 947 1274 una
962 1223 965 1228 ·
1049 1221 1052 1230 ¹

266 1298 446 1360 Pindaricae
459 1295 572 1358 fidicen
586 1302 621 1357 tu
637 1310 772 1372 quoque,
792 1295 883 1370 Rule,
905 1297 1007 1371 lyrae:

224 1383 378 1459 Musaque
391 1380 519 1444 Turrani
533 1379 657 1454 magicis
672 1379 779 1440 innixa
793 1379 965 1441 cothumis=

180 1485 215 1540 stt
266 1466 305 1528 Et
317 1473 369 1526 tua
383 1481 453 1526 cum
467 1477 561 1526 socco
575 1463 675 1537 Musa,
696 1463 832 1538 Melissa,
854 1463 926 1523 levi.
944 1487 948 1501 ι

227 1550 301 1611 Cum
314 1549 417 1612 Varus
432 1546 654 1624 Gracchusque
669 1546 777 1608 darent
791 1547 857 1608 iera
871 1547 954 1608 dicta
967 1545 1117 1624 tyrannis,

269 1631 444 1694 Callimachi
458 1629 604 1692 Proculus
620 1631 712 1692 molle'
724 1637 844 1702 ¹teneret
857 1631 930 1692 iteri

226 1715 349 1796 Tityrus
364 1716 507 1791 antiquas
522 1722 552 1775 et
566 1721 631 1775 erat
644 1715 696 1790 qui
711 1721 855 1790 pasceret
868 1711 990 1792 herbas,
1059 1751 1061 1756 ·
1129 1744 1168 1758 -
1250 1725 1251 1798 j

267 1801 413 1878 Aptaque
426 1799 550 1860 venanti
569 1799 691 1860 Gratius
706 1813 791 1860 arma
805 1799 902 1860 daret.
1095 1819 1098 1824 ·

180 1898 214 1953 35
226 1883 341 1946 Naidas
357 1899 376 1944 a
391 1882 505 1961 satyris
520 1889 643 1944 caneret
655 1880 812 1944 Fontanus
827 1888 960 1955 amatasr

268 1966 431 2029 Clauderet
444 1965 612 2042 imparibus
627 1965 723 2026 verba
738 1966 863 2043 Capella
876 1965 986 2028 modis.

227 2051 365 2128 cruraque
379 2050 480 2112 forent
492 2050 553 2125 ulii,
577 2065 706 2125 quorum
719 2049 794 2114 mihi
808 2056 918 2111 cuncta
930 2050 1045 2110 referre

192 2149 198 2152 ·
265 2134 396 2197 Nomina
409 2134 502 2211 longa
514 2149 603 2196 mora
619 2139 676 2209 est,
697 2133 834 2197 caruuua
847 2134 959 2210 vulgus
973 2132 1080 2194 habet=
1104 2163 1107 2168 -
1127 2161 1130 2168 ν

224 2217 338 2280 Essent
352 2225 383 2280 et
397 2217 534 2292 iuvenes,
557 2232 687 2292 quorum
704 2215 789 2293 quod
804 2217 919 2292 inedita
931 2233 1005 2279 cura
1020 2223 1076 2294 est,
1133 2219 1136 2226 ’

180 2315 217 2370 40
266 2302 532 2380 Adpehandorum
546 2301 589 2362 nil
602 2301 677 2360 mihi
690 2301 767 2362 iuris
781 2300 879 2363 adest.
1046 2303 1052 2324 ·'

224 2385 267 2446 Te
281 2386 428 2446 tamenin
443 2383 533 2446 turba
545 2399 609 2445 non
623 2385 730 2460 ausim,
755 2385 851 2459 cotta,
873 2385 974 2461 silere,

265 2467 418 2531 Pieridum
432 2465 554 2542 lumen*
565 2468 824 2544 praesidiumque
832 2469 908 2529 iori.¹

224 2551 380 2615 Matemcs
396 2552 499 2614 Cottas
513 2551 565 2613 cui
578 2551 805 2628 Messallasque
820 2557 966 2630 paternos

265 2637 401 2699 Maxima
413 2634 556 2698 nobilitas
571 2636 757 2712 ingeminata
770 2635 864 2698 dedit·

178 2730 213 2786 45
223 2717 334 2782 Dicere
347 2722 375 2782 si
390 2720 438 2782 las
454 2725 510 2795 est,
532 2720 701 2794 claro-mea
715 2719 839 2780 nomine
852 2719 944 2784 Musa
1017 2755 1018 2760 κ
1096 2791 1099 2799 ¹

266 2807 370 2880 Atque
384 2803 463 2867 inter
476 2806 579 2886 tantos
597 2819 677 2878 quae
691 2804 852 2880 tegeretur,
875 2809 950 2864 erat.

223 2887 305 2963 Ergo
322 2894 506 2949 summotum
523 2886 623 2962 patria
636 2885 852 2961 proscindere
868 2886 973 2963 Livor,
1002 2960 1004 2966 Ι
1030 2907 1032 2910 ·

265 2969 388 3046 Desine,
411 2969 610 3032 neucineres
625 2979 748 3047 sparge,
772 2975 907 3047 cruente,
928 2985 1042 3030 meos..
1116 2972 1119 2978 '

227 3053 335 3114 Omnia
350 3054 552 3131 perdidimus.
582 3052 792 3114 tautummodo
808 3053 873 3115 vita
885 3053 993 3115 relicta
1003 3058 1064 3127 est,

178 3146 214 3199 stt
264 3135 415 3200 Praebeat
427 3144 461 3200 ut
476 3149 603 3197 sensum
615 3138 836 3212 materiamque
850 3135 950 3198 maiis.

227 3219 304 3295 Quid
320 3221 406 3283 iuvat
421 3222 573 3284 extinctos
588 3219 702 3282 ferrum
718 3221 878 3282 demittere
892 3220 924 3281 in
940 3225 1047 3281 artust

180 3318 197 3340 a
266 3303 333 3364 Mon
348 3303 441 3367 hahet
454 3301 591 3367 innotis
606 3303 666 3384 iam
676 3315 763 3366 ¹nora
776 3305 870 3382 plaga
883 3303 997 3369 locum.

1243 765 1251 844 l
