2524 4004
122 229 187 295 ms
496 219 753 288 rnsronuu
794 311 798 316 Ι
882 176 884 180 ’

209 382 291 442 Vina
306 379 400 440 dabat
410 333 512 438 iiber.
543 375 653 436 tulerat
667 373 727 434 sibi
742 371 875 448 quisque
894 339 1064 444 coronama

249 463 426 524 Miscendas
441 460 526 536 large
569 475 627 520 vus
643 456 754 532 agebat
766 471 875 534 aquea.

138 558 190 612 400
204 547 319 608 Naides
335 543 445 622 effusis
459 475 620 604 oliaegtne
634 539 764 616 pectinis
778 555 847 613 usu,

177 700 181 705 ,
247 631 323 691 Pars
338 631 466 690 aderunt
479 627 590 704 positis
604 631 671 684 arte
684 639 839 699 manuque
853 621 961 682 comis.
1005 661 1009 670 ι

208 715 264 775 Ilia
278 727 373 790 super
388 727 478 772 suras
498 711 639 771 tunicam·
648 707 778 767 collecta
792 706 955 786 ministret,

249 795 355 860 Altera
370 796 491 856 dissuto
507 800 614 869 pectus
629 797 734 866 aperta
749 791 828 850 sinu.
855 827 858 832 ,
1190 857 1193 863 Ρ

208 881 313 942 Exerit
328 880 406 938 haec
419 879 593 951 humerum,
614 881 732 944 vestem
744 873 836 942 trahit
849 873 901 932 iila
916 890 973 951 per
986 873 1123 953 herbas

39 1035 43 1042 ,
139 980 192 1034 410
245 963 419 1040 Impediunt
431 969 556 1022 teneros
575 959 699 1019 vincula
712 954 796 1020 nulia
809 958 918 1042 pedes.

208 1049 287 1109 Hinc
302 1047 380 1106 alise
395 1046 508 1122 satyris
524 1043 665 1104 incendia
677 1041 761 1102 mitia
775 1037 933 1118 praebent,

210 1189 214 1204 ,
251 1131 329 1209 Pars
340 1129 410 1206 tibi,
427 1130 479 1203 qui
495 1129 573 1204 pinu
582 1134 723 1202 tempora
736 1139 817 1186 nexa
830 1126 922 1200 geris.

210 1217 252 1275 Te
266 1229 405 1290 quoque,
428 1213 613 1273 inextinctae
627 1209 730 1272 Silene
744 1208 895 1285 libidinis,
909 1215 1009 1292 urunt

251 1297 394 1374 Nequitia
408 1303 471 1370 est,
497 1311 578 1374 quae
592 1303 622 1355 te
637 1311 698 1356 non
714 1293 786 1372 sipit
800 1309 873 1355 esse
886 1309 1001 1355 senem.

140 1377 368 1456 oloritreum,
383 1381 541 1442 hortorum
557 1380 652 1440 decus
667 1385 697 1438 et
710 1377 819 1453 tutela,
841 1377 969 1454 Priapus

187 1475 190 1494 ¹
252 1464 398 1526 Omnibus
415 1481 455 1524 ex
469 1463 528 1524 illis
544 1463 653 1524 Lotide
667 1469 775 1538 captus
792 1468 865 1521 erat.

209 1549 296 1609 Hanc
310 1547 409 1624 cupit,
423 1548 503 1609 hanc
518 1554 617 1622 optat,
630 1541 739 1608 'solam
754 1545 933 1622 suspiratio
947 1545 1039 1620 iiiam
1073 1533 1079 1557 ¹
1100 1601 1102 1608 Α

251 1631 408 1706 Signaque
423 1631 477 1690 dat
490 1638 580 1706 nutu,
602 1631 807 1706 sollicitatque
827 1629 918 1692 notis
1197 1619 1199 1633 '

209 1715 319 1776 Festus
338 1716 419 1776 inest
433 1714 585 1790 pulchris,
607 1715 807 1798 sequiturque
821 1713 968 1790 superbia
986 1713 1126 1786 formum.
1151 1800 1153 1806 Ι
1194 1763 1196 1768 .
1221 1723 1224 1728 ⁴
1251 1775 1253 1782 ,

139 1809 193 1863 400
249 1798 375 1859 irrisum
388 1799 474 1858 uoltu
489 1799 620 1874 despicit
633 1798 684 1858 iliu
699 1815 767 1859 suo.
907 1848 915 1857 .

210 1883 279 1948 Nox
295 1888 374 1955 erat,
392 1852 506 1958 etivino
523 1898 664 1943 somnum
678 1843 816 1944 iaciente
823 1881 963 1958 iacebant

246 1965 391 2041 ‘Corpora
405 1965 538 2026 diversis
552 1966 634 2026 victa
649 1981 763 2042 soporo
779 1967 868 2028 locist
919 2008 924 2019 .

210 2049 295 2110 Lotis
312 2049 343 2108 in
357 2048 493 2110 herbosa
509 2049 567 2111 sub
581 2051 702 2110 acernis
719 2051 825 2110 ultime
845 2048 948 2126 ramis,
1057 2089 1059 2099 .

255 2132 341 2194 Sicut
354 2140 421 2193 erat
434 2134 504 2194 lusu
519 2134 617 2209 iesse,
642 2135 756 2210 quievit
769 2134 873 2195 humo.
943 2209 944 2212 Ἴ
1050 2203 1055 2208 ,

139 2229 192 2284 425
208 2216 311 2292 Surgit
322 2232 445 2290 amans,
464 2217 657 2293 animumque
670 2225 778 2280 tenens
794 2218 925 2292 vestigia
939 2205 1040 2280 furtim

130 2372 132 2378 Ι
253 2299 420 2376 Suspenso
430 2301 532 2376 digitis
548 2303 607 2361 ient
621 2302 769 2362 taciturno
788 2302 894 2377 gradu.

210 2383 250 2445 Ut
262 2385 360 2458 tetigit
378 2385 488 2444 niveae
501 2393 622 2445 secretu
636 2385 748 2446 cubilia
761 2386 928 2464 nymphae,

252 2467 326 2542 Ipso
340 2467 388 2528 sui
404 2466 496 2530 flatus
511 2485 551 2528 ne
565 2477 655 2530 sonet
667 2483 752 2542 auro,
775 2477 874 2530 cavet.

209 2549 321 2610 Etiam
335 2550 462 2612 finitima
476 2567 590 2627 corpus
605 2551 736 2614 librabat
749 2553 779 2612 in
795 2551 906 2613 herbm

139 2642 193 2698 430
248 2635 302 2694 Ilia
321 2641 422 2694 tumen
433 2637 522 2698 multi
538 2639 629 2712 piena
643 2637 768 2713 soporis
783 2643 858 2696 erat.

210 2717 344 2792 Gaudet,
369 2726 414 2793 et,
436 2720 603 2796 apedibus
619 2728 716 2782 tracto
731 2721 896 2796 velamine,
920 2728 993 2782 vota

250 2803 301 2862 Ad
316 2819 373 2862 sua
395 2803 636 2880 ieiicieoeperot
650 2805 695 2864 ire
708 2806 766 2864 viu.

207 2885 289 2945 Ecce
304 2886 421 2960 rudens
441 2903 535 2947 rauco
551 2887 645 2948 Silani
660 2897 767 2950 vector
780 2890 895 2950 asellus

251 2969 486 3052 Intempestivos
508 2972 671 3034 ediditque
685 2988 792 3034 sonos.

135 3057 189 3114 435
202 3052 318 3112 Territa
333 3055 489 3130 consurgit
502 3055 653 3134 nymphe,
676 3055 881 3132 manibusque
902 3055 1043 3132 Priapum

248 3135 362 3210 Reicit·‚
383 3145 414 3197 et
428 3139 548 3214 fugiens
568 3141 700 3205 concitat
713 3157 805 3201 omne
818 3157 938 3202 nemus.

207 3219 248 3277 At
263 3218 357 3294 deus,
379 3219 517 3282 obscena
531 3224 655 3284 nimium
671 3240 796 3301 quoque
811 3232 898 3301 purte
912 3230 1047 3300 paratus,

91 3371 98 3394 Ι
250 3300 397 3364 Omnibus
412 3307 452 3366 sd
470 3308 560 3366 lunae
578 3309 788 3370 luminatione
804 3316 879 3370 erat

206 3383 305 3444 Morte
319 3386 404 3447 dedit
417 3403 536 3462 poenas
551 3398 658 3451 auctor
672 3393 824 3454 clamoris.
850 3399 882 3454 ct
901 3391 980 3454 liuec
994 3398 1044 3452 est

134 3467 190 3525 sto
244 3467 494 3546 Hellespontiaco
516 3472 638 3535 victima
651 3483 738 3552 gnata
752 3477 823 3538 deo.
