2454 4004
156 169 231 286 roe
528 217 781 282 ruscorum

240 373 320 448 Ergo
336 380 368 434 ut
381 374 508 433 tironem
525 372 680 434 celebrare
695 371 866 448 frequentia
879 381 997 448 posset,

280 456 358 516 Visa
373 456 439 516 dies
455 455 579 536 dandae
590 473 651 516 non
667 457 766 515 aliena
782 462 882 530 togae.

238 539 311 600 Mite
326 547 426 614 caput,
442 545 538 614 pater,
553 538 612 598 huo
626 540 809 615 placataque
824 554 939 600 cornua
953 546 1069 616 vertas,

118 667 120 671 -
169 631 222 690 too
275 623 313 684 Et
328 624 383 684 des
398 622 520 698 ingenio
535 624 606 682 vela
621 623 856 685 secundameot
1063 695 1065 700 ι

238 706 299 767 Itur
313 707 353 766 ad
367 709 519 782 Argeos...
537 705 587 780 qui
603 707 677 781 sint,
693 721 749 767 sua
763 705 877 781 pagina
891 706 1003 766 dicet...

278 789 358 863 Hac,
381 791 406 849 si
427 789 626 862 commemini,
651 790 877 866 praeteritaque
891 789 950 848 die.

187 903 189 906 ·
239 871 333 933 Stella
346 873 533 948 Lycaoniam
549 873 645 946 vergit
658 873 806 948 proclivis
821 872 861 931 ad
876 873 992 934 Arcton

279 957 402 1016 Miluus.
431 957 507 1016 haec
521 955 572 1014 illa
586 963 676 1016 nocte
693 955 826 1016 videnda
843 955 938 1014 venit.

170 1047 222 1114 795
239 1039 315 1113 Quid
331 1039 449 1098 dederit
462 1039 596 1113 volucri,
612 1040 638 1098 si
653 1039 701 1098 vis
717 1039 923 1116 cognoscere,
941 1041 1057 1098 eaelum
1067 1063 1076 1096 =¹

282 1122 549 1196 Saturnusregnis
565 1139 583 1182 a
597 1123 671 1181 love
685 1124 793 1196 pulsus
810 1127 889 1181 crati

240 1207 375 1266 concitat
389 1207 484 1266 iratus
498 1207 619 1265 validos
633 1205 755 1266 Titanas
771 1205 802 1265 iu
819 1219 911 1278 arma,

180 1301 183 1304 ’
233 1289 235 1292 ’
279 1289 425 1364 Quaeque
439 1290 495 1349 iuit
509 1289 579 1352 latis
595 1287 705 1362 debita,
724 1294 851 1363 temptat
866 1303 965 1364 opem.

237 1371 334 1432 Matre
349 1379 434 1433 sotus
449 1374 549 1446 Terra,
567 1379 735 1432 monstrum
750 1371 895 1444 mirabile,
911 1377 1015 1433 taurus

170 1463 223 1518 80⁰
276 1453 365 1516 Parte
378 1456 426 1516 sui
442 1471 571 1532 serpens
587 1456 758 1532 posteriore
773 1455 838 1518 luit.
936 1509 939 1512 .

238 1539 325 1599 Hunc
340 1539 449 1614 triplici
464 1552 549 1600 muro
570 1541 648 1600 lucis
663 1539 828 1600 incluserat
841 1539 914 1599 atris

279 1621 441 1683 Parcarum
456 1623 569 1682 monitu
587 1622 666 1701 Styx
679 1623 815 1683 violenta
828 1623 928 1682 trium.

240 1707 367 1766 Viscera
382 1706 434 1781 qui
448 1707 525 1767 tauri
541 1705 671 1773 ilammis
684 1707 839 1767 adolenda
853 1703 999 1778 dedisset

279 1788 354 1849 Sors
370 1798 449 1863 crat,
471 1797 612 1850 aeternos
626 1790 750 1850 vincere
765 1805 861 1866 posse
877 1791 964 1850 deos.

170 1881 221 1936 805
237 1871 374 1932 Immolet
388 1873 469 1933 hunc
483 1871 626 1934 Briareus
641 1873 722 1934 laeta
736 1889 777 1932 ex
791 1874 953 1934 adamante
969 1874 1078 1944 securi,

276 1955 316 2015 Et
329 1956 449 2022 iamiam
465 1957 596 2017 flammis
610 1963 682 2018 exta
697 1957 823 2018 daturus
839 1964 916 2030 erat,

238 2039 374 2115 luppiter
388 2038 509 2099 alitibus
523 2055 632 2115 rapere
647 2041 785 2116 imperat.
812 2041 919 2102 Attulit
933 2041 975 2100 illi

280 2121 409 2197 Milone,
424 2129 454 2182 et
468 2123 582 2184 meritis
598 2124 727 2186 venitin
742 2133 824 2186 astra
839 2126 914 2184 suis.

76 2237 81 2253 '
182 2251 231 2316 to.
251 2254 305 2314 uc
347 2255 397 2317 ro.
423 2256 634 2332 norrun
673 2259 726 2324 ao.
749 2259 804 2324 ec
841 2257 892 2319 ar.
913 2257 969 2317 uc
1008 2256 1058 2318 aa.
1081 2255 1143 2316 au

238 2369 306 2430 Una
320 2372 387 2431 dies
402 2373 505 2432 medio
518 2380 579 2446 est,
603 2382 633 2434 et
646 2374 721 2434 fiunt
734 2391 823 2434 saera
836 2373 1001 2446 Minervae,

168 2461 221 2516 810
270 2453 398 2514 Nomina
418 2471 497 2530 quae
511 2455 621 2517 iunctis
637 2457 772 2532 quinque
786 2456 895 2518 dicbus
911 2455 1031 2516 habent.
1067 2479 1071 2486 ·

237 2535 393 2612 Sanguine
415 2539 512 2612 prima
526 2546 624 2613 vacat,
647 2556 704 2599 neo
719 2541 766 2600 las
783 2554 964 2600 concurrere
979 2539 1070 2603 ferro.

277 2620 391 2694 Causa,
415 2622 498 2696 quod
513 2627 560 2682 est
573 2623 625 2683 illa
638 2629 709 2683 nata
723 2623 861 2686 Minerva
874 2623 934 2684 die.

236 2705 341 2764 Altera
354 2712 479 2780 tresque
493 2721 588 2781 super
600 2723 672 2767 rasa
687 2707 878 2768 celebrantur
896 2706 1022 2766 harena.

277 2786 410 2850 Ensibus
426 2789 556 2856 exsertis
570 2788 680 2850 bellica
694 2793 774 2850 laeta
790 2791 849 2852 dea
863 2797 932 2850 est·

169 2877 221 2932 815
232 2871 357 2931 Pallada
372 2888 453 2932 nunc
467 2873 554 2947 pueri
569 2879 754 2948 teneraeque
771 2882 856 2934 orate
872 2873 1001 2948 puellae.
1095 2923 1097 2926 ,

192 2972 203 2980 ··
278 2953 332 3026 Qui
347 2953 426 3014 bene
442 2955 569 3030 placarit
581 2955 716 3029 Pallada,
738 2958 848 3018 doctus
864 2957 930 3016 erit.

235 3033 359 3094 Pallade
374 3038 493 3110 placata
507 3041 606 3099 lanam
622 3039 739 3099 mollire
754 3041 874 3114 puellae

276 3118 403 3178 Discant
416 3125 445 3179 et
458 3122 566 3196 plenas
581 3137 750 3183 exonerare
765 3125 862 3184 colos.
957 3136 961 3147 ·

235 3201 290 3260 llla
305 3201 394 3260 etiam
409 3205 516 3263 stantis
531 3206 618 3266 radio
636 3221 813 3279 percurrere
827 3206 904 3267 telas

171 3288 224 3343 uuo
277 3281 391 3356 Erudit,
414 3293 444 3344 et
457 3301 557 3345 rarum
572 3289 693 3362 pectine
708 3289 818 3350 denset
832 3304 922 3364 optus.

236 3363 322 3424 Hanc
337 3369 418 3440 cole,
435 3369 486 3442 qul
501 3369 593 3430 laesis
608 3374 743 3432 maculas
760 3374 799 3432 de
817 3372 955 3432 vestibus
970 3369 1090 3428 aulersz

129 3455 132 3457 ·
277 3446 362 3506 lianc
377 3449 452 3522 cole,
475 3445 640 3513 velleribus
656 3453 797 3530 quisquis
812 3457 890 3514 atina
905 3447 1009 3531 paras.
