2520 4012
174 239 217 304 ³6
563 234 791 298 TRISTIUM

211 421 215 429 ·
242 442 252 453 .
301 393 397 466 Quem
411 406 481 450 mea
496 388 632 462 Calliope
646 386 784 459 laeserit,
802 399 883 446 unus
900 399 969 462 ego.

260 477 327 538 Non
342 475 432 551 igitur
447 467 563 536 nostris
578 471 674 532 ullum
688 469 824 544 gaudere
839 466 983 542 Quiritem
1006 515 1008 518 -

194 568 247 624 ulo
302 563 461 635 Auguror,
479 566 509 619 at
526 555 638 617 multos
653 551 826 616 indoluisse
844 553 949 624 malim

259 645 322 704 Nec
341 644 414 703 mihi
438 641 583 703 credibile
601 645 664 712 est,
688 651 873 710 quemquam
888 636 1057 701 insultasse
1071 640 1193 716 iacenti,

302 728 405 789 Gratia
420 725 545 786 candori
560 725 588 784 si
608 737 670 796 qua
684 721 781 780 relata
794 733 863 779 mco
880 727 937 780 est.

260 813 331 886 His,
351 826 477 887 precor,
493 815 585 882 atque
600 806 667 866 aliis
684 803 808 879 possint
820 809 872 863 tua
886 807 1010 867 numina
1025 807 1116 884 flecti,

108 937 109 944 κ
304 895 443 970 Opater,
465 909 482 952 o
499 890 617 966 patriae
633 903 707 949 cura
721 889 870 961 salusque
885 894 971 948 tuae=

194 987 246 1043 575
260 979 327 1039 Non
343 978 420 1038 utin
435 975 607 1036 Ausoniam
620 972 762 1044 redeam,
778 971 838 1030 nisi
852 971 982 1034 forsitan
998 974 1077 1049 olim,

166 1053 171 1066 '
299 1061 373 1121 Cum
389 1062 482 1135 longo
498 1074 619 1134 poenae
633 1064 771 1131 ternpore
785 1055 886 1116 victus
903 1056 976 1117 eris.

255 1147 360 1207 Tutius
376 1145 499 1204 exilium
517 1145 674 1218 pauloque
690 1139 823 1215 quietius
839 1155 904 1214 oro,

175 1287 180 1296 .
251 1275 256 1278 -
299 1230 340 1291 Ut
355 1244 412 1303 par
430 1228 540 1288 delicto
558 1227 597 1287 sit
609 1241 679 1284 mea
694 1239 796 1299 poena
810 1239 878 1284 suo.

467 1493 617 1578 LIBER
659 1491 895 1578 TERTIUS·

199 1617 239 1716 1·
259 1613 396 1712 ‘Missus
412 1652 442 1710 in
457 1651 538 1710 hanc
557 1650 650 1711 venio
665 1651 784 1725 timide,
804 1649 881 1710 liber
894 1649 1011 1722 exulis,
1027 1645 1148 1708 urbem=

299 1737 346 1796 Da
360 1735 514 1810 placidam
529 1734 629 1808 sesso,
647 1735 742 1795 lector
757 1734 868 1809 amice,
885 1749 1018 1794 manum.

257 1819 341 1878 Neve
355 1819 538 1890 reformida,
554 1834 593 1878 ne
609 1819 667 1878 sim
681 1817 734 1880 tibi
750 1819 829 1878 forte
848 1819 974 1894 pudori:

300 1903 408 1963 Nullus
424 1903 454 1961 in
469 1901 528 1962 hac
543 1901 650 1962 charta
664 1918 776 1962 versus
792 1917 894 1962 amare
909 1903 1008 1962 docet.

231 1997 247 2049 5
261 1987 324 2046 Nec
340 1987 454 2046 domini
470 1987 593 2046 fortuna
606 1985 666 2046 mei
682 1992 744 2058 est,
762 1985 921 2048 undabat
935 1987 1015 2045 illam

299 2071 409 2130 Inlelix
423 2071 493 2130 ullis
510 2069 703 2130 dissimulare
717 2069 805 2132 iocis.
1225 2137 1229 2143 ,

258 2156 292 2215 ld
308 2169 447 2228 quoque,
465 2153 549 2228 quod
563 2153 654 2214 viridi
670 2154 828 2229 qnondam
843 2153 922 2213 male
936 2154 1009 2215 lusit
1022 2153 1052 2213 in
1068 2167 1160 2228 aevo,
1252 2181 1253 2186 κ

299 2237 367 2297 Heu
381 2237 504 2297 nimium
523 2251 594 2298 sero
609 2239 734 2298 darnnat
749 2245 778 2297 et
793 2237 858 2298 odit
873 2253 964 2316 opus.

258 2321 384 2396 Inspice
401 2323 475 2396 quid
489 2327 617 2395 portem.
655 2321 728 2382 nihil
742 2321 792 2381 lric
806 2321 867 2382 nisi
884 2323 970 2384 triste
984 2317 1115 2393 videbis

212 2415 248 2470 lo
303 2405 441 2465 Carmine
456 2404 646 2479 temporibus
662 2406 863 2466 conveniente
879 2405 955 2467 suis.
1080 2457 1084 2462 ,

259 2489 374 2550 clauda
389 2489 473 2562 quod
488 2488 605 2548 alterno
623 2490 787 2550 subsidunt
804 2490 939 2550 carmina
953 2505 1058 2565 versu,

297 2572 357 2631 Vel
372 2571 462 2647 pedis
476 2570 536 2632 hoc
550 2573 644 2648 ratio,
659 2575 709 2634 vel
726 2573 776 2634 via
789 2574 882 2648 longa
895 2575 981 2634 lacit:

258 2656 347 2732 Quod
365 2669 466 2731 neque
482 2671 550 2718 sum
566 2658 660 2732 cedro
678 2657 780 2718 llavus
796 2671 853 2717 nec
870 2658 991 2734 pumice
1005 2655 1094 2730 levis,
1120 2695 1122 2698 -

297 2738 411 2801 Erubui
430 2741 553 2802 domino
570 2743 680 2802 cultior
693 2757 767 2804 esse
781 2758 860 2803 meo.

209 2833 243 2888 15
257 2825 370 2885 Littera
384 2822 522 2885 suffusas
538 2827 622 2899 quod
636 2825 729 2886 habet
744 2828 903 2888 maculosa
917 2827 1033 2897 lituras,

297 2907 401 2966 Laesit
415 2923 496 2980 opus
511 2906 645 2970 lacrimis
663 2911 732 2986 ipse
749 2919 843 2986 poeta
857 2925 955 2971 suum.

258 2991 353 3065 Siqua
368 2989 552 3051 videbuntur
566 3007 640 3054 casu
654 3011 715 3054 non
737 2995 819 3056 dicta
831 2995 946 3066 Latine,

294 3075 329 3132 Iu
344 3089 406 3146 qua
422 3074 589 3151 scribebat,
604 3077 739 3140 barbara
754 3086 836 3139 terra
850 3078 915 3138 luit.

254 3157 368 3231 Dicite,
389 3154 536 3234 lectores}
557 3159 584 3221 si
602 3177 789 3237 congreto,
806 3179 868 3236 qua
883 3162 922 3223 sit
936 3159 1078 3232 eundum,

208 3249 243 3302 20
297 3240 441 3316 Quasque
455 3249 557 3318 petam
574 3246 667 3306 sedes
683 3246 801 3322 hospes
822 3247 850 3305 in
866 3245 949 3306 Urbe
963 3243 1062 3306 liber?
1121 3243 1125 3246 ’

255 3324 338 3384 Haeo
361 3321 414 3381 ubi
424 3343 493 3386 sum
509 3327 607 3388 lurtlm
623 3330 727 3404 lingua
740 3329 888 3390 titubante
903 3331 1033 3399 locutus,
1084 3377 1085 3382 ,

287 3399 343 3474 Qui
366 3406 437 3466 milri
451 3418 648 3486 monstraret,
665 3413 715 3472 vix
731 3414 786 3473 luit
800 3429 896 3486 unm,
918 3411 982 3471 iter.

253 3491 301 3550 ‘Di
316 3491 369 3551 tlbi
385 3491 470 3568 dent,
491 3500 596 3556 nostro
614 3497 696 3572 quod
711 3511 772 3556 non
786 3497 919 3556 tribuere
936 3501 1056 3572 poetae,
