2520 4008
476 265 527 342 111,
548 267 577 341 2,
600 265 714 343 82-3,
735 265 788 330 44.

201 418 329 484 Publica
342 432 391 478 me
404 419 529 494 requies
544 433 685 481 curarum
700 435 828 483 somnus
843 421 984 499 habebat,

244 503 392 578 Fusaque
404 507 492 561 erant
507 507 569 562 toto
584 501 730 576 languida
743 503 879 566 membra
893 513 977 568 toros

206 589 280 650 Cum
295 585 396 648 subito
411 584 514 660 pinnis
532 583 662 660 agitatus
676 583 825 647 inhorruit
839 603 901 664 aer,

161 685 196 739 lo
247 672 287 735 Et
299 669 413 748 gemuit
425 682 523 743 parvo
538 676 621 729 mota
635 670 769 730 fenestra
784 685 873 731 sono.

141 827 142 832 ἵ
204 756 338 820 Territus
352 751 384 814 in
398 749 531 814 cubituun
543 751 649 814 relevo
664 767 733 814 mea
746 753 882 814 membra
897 753 1061 831 sinistrum,

245 840 356 902 Pulsus
373 843 403 898 et
420 851 438 896 e
453 835 573 912 trepido
588 843 716 912 pectora
728 853 855 900 somnus
870 837 942 899 abit.
977 877 979 882 -

98 975 101 981 .
207 923 313 985 Stabat
325 922 430 995 Amor,
452 921 538 982 vultu
552 935 613 981 non
630 935 691 996 quo
706 919 792 997 prius
807 937 880 983 esse
894 922 1022 997 solebat,

245 1007 354 1068 Fulcra
367 1011 475 1066 tenens
491 1003 580 1064 laeva
594 1003 690 1064 tristis
708 1019 820 1066 acerna
833 1021 934 1081 manu,

158 1091 192 1146 15
204 1090 268 1152 Nec
281 1095 422 1164 torquem
437 1086 527 1161 collo,
549 1101 607 1148 neo
621 1086 740 1148 habens
756 1089 872 1150 cdnale
886 1089 1016 1166 capillis,

247 1173 310 1234 Nec
324 1172 404 1233 bene
419 1169 588 1247 dispositas
603 1177 754 1246 comptus,
776 1177 810 1233 ut
825 1180 903 1248 ante,
925 1185 1041 1233 comas.

204 1257 336 1320 Horrida
349 1253 526 1334 pendebant
538 1254 647 1315 molles
662 1269 757 1330 super
769 1269 828 1316 ora
843 1254 954 1331 capilli,
1056 1251 1058 1256 '

244 1341 282 1402 Et
296 1341 365 1405 visa
378 1345 426 1401 cst
439 1339 538 1400 oculis
552 1336 679 1400 horrida
695 1338 790 1414 pinna
804 1338 897 1398 mois:

206 1425 309 1501 Qualis
323 1425 355 1484 in
370 1421 472 1486 aeriae
484 1429 571 1498 tergo
587 1422 667 1483 solet
681 1437 753 1482 esse
768 1421 938 1496 columbae,
1028 1465 1030 1468 -

155 1513 191 1566 to
244 1511 436 1572 Tractentum
450 1507 562 1568 multm
579 1513 672 1580 quarn
685 1503 812 1581 religare
826 1520 945 1565 manus.

204 1594 293 1659 Hunc
306 1591 396 1654 simul
411 1591 553 1666 agnovi..
575 1603 678 1666 neque
692 1589 774 1649 enim
787 1587 861 1649 mihi
875 1589 977 1649 notior
990 1586 1096 1647 alter...

244 1676 369 1738 Talibus
385 1671 489 1734 adlata
503 1680 553 1735 est
565 1673 661 1734 libera
675 1673 779 1748 lingua
793 1671 894 1734 sonis:

205 1761 241 1822 ‘0
257 1777 343 1838 puer,
367 1757 449 1821 exilii
465 1757 595 1834 decepto
611 1772 707 1818 causa
721 1755 880 1832 magistro,

246 1845 341 1920 Quem
354 1843 411 1906 iult
426 1841 529 1903 utilius
545 1856 607 1901 non
621 1840 768 1903 docuisse
781 1839 869 1900 mihil

154 1931 189 1985 ta
203 1931 270 1992 Huc
286 1942 410 2005 quoque
422 1925 544 2000 venisti,
566 1939 630 2001 pax
643 1931 691 1986 est
706 1923 758 1987 ubi
772 1931 912 2000 tempora
924 1921 1018 1996 nullo,

124 2025 125 2032 ¹
246 2013 284 2073 Et
299 2012 360 2073 coit
374 2009 506 2072 astrictis
520 2009 671 2072 barbarus
687 2009 790 2070 Hister
805 2006 915 2083 aquist
1025 2043 1027 2049 -

206 2098 290 2173 Quae
300 2095 353 2157 tibi
365 2111 459 2157 causa
471 2093 561 2172 viaet
580 2092 639 2153 nisi
653 2100 689 2154 ut
701 2092 779 2152 baec
789 2092 870 2152 mala
881 2093 986 2150 nostra
996 2086 1141 2148 viderost

247 2181 330 2256 Quae
345 2185 424 2254 sunt,
445 2178 472 2240 si
486 2176 598 2253 nescis,
620 2175 774 2238 invidiosa
786 2172 850 2236 tibi.

204 2266 250 2328 Tu
263 2264 336 2324 mihi
350 2263 470 2324 dictasti
484 2261 637 2323 iuvenalia
651 2259 785 2321 carmina
800 2258 931 2336 primum

155 2349 192 2404 30
216 2382 219 2384 ·
245 2348 388 2426 Apposui
402 2347 487 2408 senis
503 2353 534 2407 te
548 2345 628 2416 duce
642 2343 777 2420 quinque
790 2341 899 2420 pedes.

170 2441 173 2446 '
205 2431 268 2494 Nec
280 2448 331 2492 nic
345 2431 486 2493 Maeonio
502 2444 691 2504 consurgere
706 2427 849 2501 carmine,
869 2438 927 2487 nec
941 2437 991 2482 me

244 2516 354 2580 Dicere
368 2529 547 2591 magnorum
560 2529 676 2590 passus
691 2528 726 2574 es
743 2518 811 2572 acta
828 2509 950 2570 ducum.

205 2600 346 2664 Forsitan
361 2601 500 2676 exiguas,
522 2598 643 2674 aliquas
657 2603 768 2669 tamen,
791 2609 881 2654 arcus
897 2599 927 2651 ct
940 2590 1020 2664 ignis

246 2683 363 2764 Ingenii
378 2684 459 2746 vires
475 2681 681 2744 comminuere
695 2679 765 2740 mei.
809 2729 813 2734 .

157 2771 192 2826 35
205 2768 344 2845 Namque
359 2783 416 2844 ego
433 2768 505 2829 darn
520 2772 609 2834 canto
624 2771 676 2826 tua
692 2778 788 2839 regna
803 2767 935 2833 tuaeque
951 2755 1095 2832 parentis,

245 2853 280 2914 ln
297 2851 412 2914 nullum
427 2867 496 2913 mea
509 2865 597 2911 mens
612 2848 728 2926 grande
742 2844 864 2906 vacavit
878 2855 969 2918 opus.

206 2935 268 2998 Nec
282 2937 357 2998 satis
372 2936 405 2998 id
419 2937 526 2998 iuerat.
554 2934 649 2996 stulto
665 2946 789 3009 quoque
804 2925 938 2990 carmine
956 2923 1025 2999 ieci,
1133 2949 1135 2951 ·

245 3020 371 3082 Artibus
386 3028 420 3082 ut
435 3035 547 3097 posses
561 3034 624 3080 non
637 3017 723 3078 rudis
737 3029 809 3077 esso
823 3011 910 3072 meis.

204 3103 264 3166 Pro
279 3105 391 3180 quibus
406 3103 530 3166 exilium
543 3103 657 3163 misero
672 3099 744 3162 mihi
761 3097 881 3158 reddita
893 3107 1023 3164 merces,

155 3195 191 3251 to
244 3188 280 3248 ld
296 3205 421 3266 quoque
436 3189 468 3249 in
481 3187 626 3249 extremis
642 3192 673 3246 et
688 3185 755 3246 sine
769 3196 848 3259 pace
862 3179 951 3241 locis.
1141 3179 1143 3184 ’

204 3273 247 3334 At
260 3289 324 3336 non
336 3271 495 3336 Edonides
508 3271 677 3348 Eumolpus
692 3269 723 3329 in
738 3266 861 3344 Orphea
874 3263 954 3336 talia,

188 3411 191 3414 ,
243 3355 278 3418 In
292 3357 416 3436 Phryga
433 3371 490 3418 nec
507 3355 651 3436 Satyrum
665 3353 735 3414 talis
750 3350 901 3432 Olgrnpus
916 3349 990 3407 erat.

203 3440 342 3504 Praemia
357 3458 415 3504 nco
430 3439 541 3503 Chiron
557 3440 595 3501 ab
611 3438 722 3500 Achilli
734 3436 808 3498 talia
823 3431 920 3508 oepit:

244 3524 501 3606 Pythagoraeque
516 3523 616 3588 ienrnt
628 3539 691 3584 non
705 3519 850 3582 nocuisse
863 3514 1001 3659 Nlulrnam.
