2520 4008
142 202 203 269 146
415 179 416 182 ‘
532 199 760 263 exercerc

219 355 321 430 Turpe
336 353 425 430 sequi
441 367 560 429 casum,
578 354 719 416 fortunae
733 351 846 415 cedere
861 355 1002 434 amicum,

260 437 371 498 Etnisi
388 437 428 498 sit
443 437 531 510 felix,
548 453 620 520 esse
635 441 748 512 negare
762 453 863 500 suum.

171 532 207 588 25
221 522 288 583 Non
302 520 500 582 italvirmrunt
513 519 658 598 Strophio
674 527 765 594 atque
779 522 1011 597 Agamemnone
1024 529 1113 605 nati·

259 605 328 664 Non
342 604 419 665 haee
432 603 572 680 Aegidae
586 603 772 678 Pirithoique
786 605 880 666 lides=

221 687 304 762 Quos
319 688 405 764 prior
418 695 467 763 est
479 688 601 761 mirata,
617 701 752 762 sequens
767 688 925 758 mirabitur
939 699 1033 766 aetas,

259 771 293 830 ln
309 785 439 845 querum
453 771 582 846 plausus
598 777 661 832 tota
675 769 792 831 theatra
807 777 928 834 sonent.

218 855 264 922 Tu
279 869 405 928 quoque
417 869 475 930 per
489 853 600 915 dumm
615 859 738 915 servato
753 861 875 931 tempus
891 856 991 919 amico
1086 883 1087 886 ¹

166 945 202 999 eo
256 937 375 1010 Dignus
390 951 425 997 es
439 937 575 996 intentis
589 953 702 998 nomen
715 937 831 999 babere
845 939 931 1011 viris,

215 1019 334 1094 Dignus
350 1035 395 1080 es.
424 1027 468 1095 et,
484 1020 631 1096 quoniam
644 1019 767 1082 leudem
782 1023 897 1098 pietate
912 1026 1051 1102 mereris,

256 1102 323 1163 Non
340 1103 396 1162 en't
411 1103 504 1163 cilicii
519 1104 618 1178 gretie
632 1104 726 1166 surda
740 1105 794 1165 tui.
1143 1170 1146 1176 ,

215 1184 313 1246 Crede
327 1186 415 1260 mihi,
431 1194 571 1248 nostrum
586 1188 613 1248 si
626 1203 689 1248 non
704 1189 833 1250 mortale
846 1191 978 1252 futurum
992 1201 1040 1253 est

254 1269 397 1344 Carmen,
411 1269 442 1328 in
458 1286 512 1330 ore
526 1271 671 1346 irequens
686 1271 874 1349 posteritatis
888 1275 959 1334 oria.

161 1345 199 1412 ’35
213 1347 275 1410 Fae
289 1351 383 1416 modo
398 1367 579 1428 permaneas
594 1355 697 1428 lasso,
714 1355 879 1433 Graecina,
893 1357 1004 1432 fidelis,

157 1507 166 1515 ἡ
254 1434 350 1496 buret
364 1442 393 1495 et
407 1437 438 1496 in
453 1437 562 1512 longas
577 1438 711 1514 impetus
726 1440 785 1500 iste
804 1456 918 1502 moras.

213 1516 296 1591 Quae
310 1524 343 1578 tu
358 1533 426 1578 cum
441 1527 597 1596 praestes,
619 1538 704 1583 remo
718 1530 821 1584 tamen
835 1532 905 1588 utor
919 1526 950 1585 in
966 1542 1051 1604 eura,

253 1599 316 1660 Nec
331 1609 422 1662 nocet
437 1603 574 1666 admisso
590 1605 724 1667 subdere
739 1607 842 1668 calcar
856 1623 947 1683 equo.

536 1747 742 1762 Ἥ

159 1779 199 1875 t.
248 1815 427 1879 eruce.

209 1895 296 1996 Esse
311 1937 473 2000 salutatum
487 1940 552 2002 vult
564 1947 595 2002 te
610 1904 679 2002 mea
692 1937 792 2005 litte‘ra
807 1947 936 2022 primum
981 1968 984 1974 ·

249 2023 279 2079 Α
293 2022 372 2080 male
386 2024 519 2098 pacatis,
535 2025 650 2102 Attice,
666 2027 762 2088 missa
777 2029 872 2092 Getis.

206 2099 348 2164 Proxima
363 2105 574 2182 subsequitur,
595 2110 670 2188 quid
684 2127 775 2188 ages,
798 2114 905 2175 audire
918 2117 1073 2193 voluptas,

245 2185 338 2262 Etsi,
356 2189 501 2266 quiequid
517 2193 598 2268 egis,
615 2195 654 2254 sit
666 2193 721 2255 nbi
735 2209 810 2257 eura
823 2198 892 2258 mei.

176 2267 269 2328 5Nec
284 2270 389 2332 dubito
406 2275 479 2348 quin
494 2276 542 2336 sit.
572 2277 629 2337 sed
644 2294 694 2339 me
707 2280 798 2340 timor
811 2281 880 2356 ipse
894 2283 1043 2343 malorum

248 2351 349 2427 Saepe
362 2371 574 2431 supervacuos
590 2362 672 2440 cogit
685 2362 801 2424 babere
814 2373 922 2426 metus.

203 2432 401 2513 lia-venium,
417 2455 549 2518 quaeso,
565 2445 720 2520 nimioque
734 2447 862 2522 ignosce
875 2449 984 2511 timori.

245 2517 436 2595 Tranquillas
451 2524 541 2585 etiam
556 2528 723 2604 naufragus
735 2529 841 2592 horret
855 2547 963 2608 aquas.

203 2599 259 2674 Qui
274 2606 369 2663 semel
384 2613 431 2666 est
444 2607 549 2671 laesus
564 2609 665 2672 ialleei
681 2613 776 2688 piscis
792 2615 830 2675 ab
845 2615 946 2690 treme,

32 2760 35 2766 ,
154 2697 187 2751 10
240 2682 386 2748 Omnibus
401 2705 481 2751 unca
497 2693 573 2755 olbis
589 2710 661 2756 cera
675 2697 808 2760 subesse
821 2696 917 2776 putet.

201 2767 302 2845 Saepe
317 2785 424 2832 canem
438 2774 530 2851 longe
543 2777 644 2840 visum
659 2779 735 2856 lugu
749 2798 844 2858 agna,
860 2784 1029 2860 lupumque

242 2853 356 2928 Credit,
373 2863 403 2916 et
417 2858 486 2932 ipsa
500 2875 588 2922 suam
603 2864 710 2926 nescie
721 2866 796 2927 vitat
811 2883 911 2942 opem.

198 2933 334 2996 Membra
347 2939 546 3005 rolennident
559 2947 682 3009 mollem
697 2965 821 3027 quoque
836 2943 942 3012 saucia
956 2957 1087 3012 tantuma

217 3038 221 3045 ·
239 3019 390 3097 Vanaque
405 3025 542 3089 sollicitis
557 3031 662 3093 incutit
675 3032 783 3094 umbre
797 3041 920 3096 metum.

148 3113 182 3167 15
197 3101 248 3162 Sic
264 3118 322 3178 ego
337 3106 476 3170 fortunae
490 3112 558 3174 telis
579 3117 719 3177 confixus
734 3118 848 3194 iniquis

237 3185 364 3250 Pectore
379 3193 520 3270 concipio
536 3198 578 3257 nil
592 3200 652 3260 nisi
666 3201 752 3262 triste
766 3217 846 3262 meo.

194 3269 258 3330 lam
272 3271 345 3331 milri
360 3275 421 3335 lata
432 3277 527 3352 liquet
542 3291 670 3358 coeptos
686 3287 840 3346 servantia
854 3300 964 3348 cursus

236 3351 295 3413 Per
309 3353 366 3417 sib-i
382 3369 546 3423 consuetas
561 3381 685 3442 semper
697 3369 776 3429 iture
788 3370 872 3430 riusa

197 3434 372 3502 Observare
387 3441 480 3517 deos,
497 3461 536 3506 ne
552 3449 625 3523 quid
640 3451 713 3512 milri
729 3452 819 3514 cedet
834 3454 948 3516 amices
