2520 4012
433 216 489 293 111,
510 219 545 292 6,
568 216 689 295 27-8,
710 220 740 284 8:

201 373 273 448 Aut,
288 370 342 432 ubi
357 385 511 448 cesseras,
526 385 621 432 causa
635 372 756 435 ruboris
771 389 863 435 eram.

158 457 301 518 Forsitan
315 455 468 530 exemplo,
486 455 558 530 quia
571 471 620 516 me
635 457 754 518 laesere
768 457 871 532 libelli,

200 541 246 602 Tu
260 553 386 616 quoque
403 540 447 598 sis
463 553 583 613 poenae
599 539 679 600 lacta
693 541 781 600 ruina
795 555 892 602 meae.

158 623 252 697 Pone,
267 623 384 697 Perille,
401 629 522 682 metum.
545 625 754 685 tantummodo
770 625 883 684 lomina
896 641 957 687 nou
973 625 1013 687 sit

108 713 143 770 30
198 708 301 782 Devia,
317 721 374 766 nee
389 706 514 781 scriptis
529 706 744 772 discat-amare
759 707 828 768 tuis.

159 791 241 867 Ergo
257 789 394 852 desidiae
409 805 543 864 remove,
559 790 748 865 doctissima,
766 807 887 868 causas,

202 876 297 951 Inque
310 873 411 934 bonas
427 880 508 934 artes
523 880 554 932 et
567 880 620 942 tua
634 891 724 936 sacra
738 875 813 935 redi.

160 959 224 1019 Ista
238 958 352 1018 decens
368 957 464 1017 iacies
479 956 580 1032 longis
596 957 751 1019 vitiabitur
765 960 864 1033 annia,

201 1043 350 1117 Rugaque
365 1040 395 1100 in
411 1041 537 1116 antiqua
551 1041 652 1101 lronte
665 1043 771 1102 senilis
787 1044 859 1102 erit:

107 1134 142 1188 35
158 1125 324 1202 inicietque
338 1141 463 1186 manum
479 1125 595 1185 formae
609 1126 760 1186 damnosa
775 1132 929 1201 senectus,

202 1209 286 1284 Quae
303 1210 463 1284 strepitum
478 1223 576 1284 passu
591 1224 652 1269 non
669 1209 800 1270 iaciente
816 1211 908 1270 vemt

160 1294 297 1369 Cumque
310 1292 422 1369 aliquis
438 1293 519 1354 dicet
533 1291 612 1354 ‘Fuit
626 1292 704 1352 haec
721 1293 877 1368 formosa,
894 1291 1022 1365 dolebis,

198 1377 237 1437 Et
251 1378 412 1452 speculum
428 1377 561 1436 mendax
576 1391 648 1436 esse
664 1392 793 1452 querere
808 1385 903 1439 tuum.

161 1459 238 1522 Sunt
254 1460 306 1520 tibi
321 1476 400 1537 opes
414 1461 564 1535 modicae,
582 1474 651 1520 cum
666 1461 710 1520 sis
729 1461 908 1536 dignissima
922 1461 1056 1537 magnis=

105 1553 143 1609 lo
193 1544 288 1620 Finge
305 1545 362 1605 sed
377 1543 525 1604 inmensis
538 1543 689 1604 'censibus
703 1559 776 1606 esse
792 1561 893 1621 pares,

159 1627 274 1704 Nempe
288 1629 341 1688 dat
358 1629 390 1688 id
405 1629 587 1703 cuicumque
601 1627 675 1688 libet
690 1630 813 1689 fortuna
826 1629 977 1704 rapitque,

198 1712 265 1772 Irus
281 1718 311 1771 et
328 1720 376 1772 est
393 1712 504 1786 subito,
522 1712 575 1786 qui
590 1711 684 1772 inodo
700 1711 833 1774 Croesus
852 1719 926 1774 erat.

160 1793 287 1872 Singula
301 1796 376 1872 quid
392 1796 545 1858 referam?
565 1794 607 1854 nil
622 1811 683 1855 non
699 1800 826 1858 mortale
839 1805 980 1864 tenemus

202 1879 338 1940 Pectoris
352 1879 492 1956 exceptis
508 1877 684 1954 ingeniique
698 1880 797 1942 bonis.

106 1975 142 2032 45
156 1962 204 2024 En
220 1979 288 2039 ego,
304 1979 372 2024 eum
389 1963 488 2038 patria
502 1977 623 2022 caream
637 1963 791 2040 vobisque
807 1966 970 2038 domoque,

198 2050 361 2124 Raptaque
377 2048 445 2122 sint,
461 2045 553 2106 adimi
568 2061 648 2121 quae
665 2055 793 2122 potuere
808 2047 889 2121 milri,

157 2132 285 2206 Ingenio
302 2139 400 2192 tamen
414 2133 483 2207 ipsc
496 2145 565 2190 meo
582 2129 773 2210 comitorque
789 2133 950 2204 lruorque=

201 2215 316 2275 Caesar
330 2215 360 2275 in
374 2216 433 2275 hoc
449 2215 548 2290 potuit
561 2213 637 2272 iuris
655 2213 770 2274 habere
784 2215 867 2274 nibil.

159 2298 290 2373 Quilibet
304 2299 384 2359 hanc
401 2313 496 2359 saevo
512 2297 604 2356 vitam
619 2296 692 2357 mihi
709 2297 794 2358 liniat
808 2313 893 2372 ense,

105 2396 141 2450 50
195 2381 244 2441 ille
259 2389 359 2443 tamen
377 2383 511 2443 extincto
528 2381 609 2440 lama
622 2389 782 2456 superstes
799 2383 864 2456 erit,

158 2465 301 2542 Dumque
319 2466 384 2528 suis
400 2471 520 2542 septem
535 2465 645 2525 victrix
661 2465 699 2524 de
715 2467 870 2528 montibus
886 2466 991 2527 orbem

199 2538 371 2626 Prospiciet
385 2549 531 2611 domitam
544 2547 654 2608 Martia
667 2549 773 2622 Roma,
791 2553 885 2625 legar.

157 2633 203 2694 Tu
218 2649 352 2709 quoque,
368 2650 461 2711 quam
477 2633 569 2692 studii
586 2640 707 2692 manent
722 2634 839 2693 lelicior
854 2649 940 2707 usna,

199 2715 310 2792 Effuge
323 2725 481 2792 venturos,
498 2732 561 2791 qua
575 2721 676 2791 poteo,
687 2712 788 2791 u'sque
802 2721 913 2789 rogos!

92 2845 136 2945 8·
154 2845 248 2944 Nunc
264 2901 323 2962 ego
338 2885 515 2961 Triptolemi
531 2903 676 2964 cuperem
692 2885 902 2948 conscendere
918 2899 1035 2959 amnne,

193 2968 276 3028 Misit
288 2970 320 3028 in
335 2970 470 3044 ignotam
485 2973 538 3047 qui
553 2973 630 3032 rude
645 2985 751 3032 semen
766 2969 900 3029 humum.

156 3051 242 3114 Nunc
257 3068 316 3127 ego
331 3051 461 3114 Medeae
476 3056 585 3114 vellem
602 3057 722 3115 frenare
738 3055 900 3125 dracones,

197 3135 281 3210 Quos
296 3136 404 3198 habuit
419 3138 540 3212 lugiens
555 3155 635 3214 arce,
651 3137 801 3211 Corintbe,
816 3144 877 3198 tua.

119 3217 238 3280 altune
252 3235 312 3295 ego
327 3221 489 3282 iactandas
507 3231 645 3298 optarem
661 3236 783 3283 sumere
799 3235 928 3296 pennaS,

199 3303 272 3365 Sive
288 3311 367 3380 tuae,
382 3305 508 3378 Persen,
524 3307 668 3380 Daedale,
687 3307 753 3365 sive
770 3311 853 3365 tuasz

154 3387 196 3450 Ut
210 3395 316 3449 tenera
330 3389 445 3449 nostris
461 3391 590 3452 cedente
604 3388 756 3452 volatibus
773 3404 849 3451 aura

195 3473 381 3550 Aspicerem
397 3473 515 3549 patriae
530 3475 620 3536 dulce
634 3479 761 3549 repente
777 3472 887 3541 solum,
