2454 4004
163 229 229 294 276
543 221 799 286 FASTORUM

251 379 397 442 Carminis
411 375 540 438 Euboici
555 373 658 434 fatalia
672 371 769 434 verba
786 375 935 438 sacerdos

214 487 217 492 ¹
291 461 427 538 Inspicit.
458 460 630 534 inspectum
642 458 703 517 tale
718 457 817 518 luisse
831 459 947 520 lerunt=

247 549 372 608 '“Mater
387 545 488 606 abest:
514 543 642 608 Matrem
656 542 761 616 iubeo,
779 543 933 620 Romane,
948 544 1104 619 requiras.

185 643 238 698 uuo
295 632 368 692 Cum
382 628 498 702 veniet,
514 633 600 687 easta
614 631 662 686 est
676 625 857 701 accipienda
871 632 999 688 manu.'’

253 714 409 775 Obscurae
424 713 516 772 sortis
532 719 636 786 patres
651 709 831 784 ambagibus
847 719 957 783 errant,

290 801 413 871 Quaeve
427 811 540 872 parens
555 794 648 865 absit,
666 809 768 868 quove
783 794 916 869 petenda
931 797 1012 856 loeo.

251 882 423 942 consulitur
436 879 553 951 Paean,
571 878 795 952 “Divum’'que
810 879 985 939 “arcessite
1000 879 1155 938 Matrem¹’

289 966 399 1039 lnquit.
430 963 488 1024 “in
503 962 596 1022 ldeeo
612 968 661 1021 est
675 961 862 1021 invenienda
875 963 985 1037 iugo.”

184 1055 236 1110 toa
252 1049 409 1110 Mittuntur
423 1062 579 1124 proceres.
607 1045 761 1121 Phrygiae
774 1051 846 1106 tuno
864 1053 985 1122 sceptra
999 1045 1126 1106 tenebat

287 1133 424 1193 Attalus:
446 1130 595 1191 Ausoniis
610 1145 675 1188 rem
691 1135 781 1202 negat
796 1129 847 1188 ille
861 1131 945 1190 viris,

249 1217 327 1276 Mira
342 1231 459 1276 canem.
489 1215 581 1288 longo
594 1212 719 1276 ¹tremuit
733 1228 801 1271 oum
816 1229 969 1276 murmure
984 1215 1082 1288 tellus,

289 1300 328 1359 Et
342 1301 387 1359 sio
402 1305 449 1358 est
464 1299 567 1376 adytis
582 1298 654 1364 diva
669 1298 771 1356 locuta
786 1297 868 1356 suis:

251 1384 350 1458 “Ipsa
364 1382 427 1458 peti
442 1383 536 1442 volui,
564 1397 603 1440 ne
618 1381 658 1440 sit
671 1396 766 1440 moro.
795 1381 879 1441 mitte
893 1383 1053 1441 volentem.

183 1469 237 1524 270
292 1467 408 1541 Dignus
423 1467 521 1526 Roma
538 1466 639 1538 loeus,
656 1481 718 1539 qno
734 1464 811 1525 deus
832 1465 930 1526 omnis
945 1469 1027 1524 eat.”

250 1551 303 1610 llle
319 1551 387 1610 soni
401 1557 517 1610 terrore
532 1563 649 1625 pavens
666 1548 933 1624 “Proficiscere”
949 1549 1023 1608 dixit

291 1635 426 1696 “Nostra
441 1635 511 1694 eris.
540 1633 571 1692 in
584 1631 735 1708 Phrygios
751 1633 849 1694 Roma
863 1633 992 1692 refertur
1005 1639 1120 1694 avos.”

249 1717 390 1778 Protinus
405 1719 581 1778 innumerae
598 1717 730 1776 caedunt
744 1717 847 1791 pineta
862 1731 987 1778 secures

290 1802 359 1873 Illa,
376 1801 487 1876 quibus
504 1801 624 1876 fugiens
638 1799 741 1876 Phryx
758 1801 827 1875 pius
842 1816 917 1860 usus
932 1807 1004 1862 erat.

183 1893 237 1950 ⁴275
251 1885 334 1946 Mille
348 1901 457 1946 manus
474 1891 598 1960 coeunt,
616 1892 646 1945 et
661 1883 743 1959 pieta
762 1884 918 1944 coloribus
933 1884 1008 1944 ustis

291 1969 462 2030 Caelestum
475 1969 603 2028 lllatrem
618 1983 755 2028 eonoava
770 1967 884 2044 puppis
904 1965 1004 2028 habet.

157 2104 161 2108 .
249 2053 305 2112 Illa
320 2054 367 2112 sui
382 2069 438 2128 per
451 2069 549 2127 aquas
564 2055 660 2112 fertur
673 2051 825 2112 tutissima
840 2052 912 2123 nati,

291 2137 459 2212 Longaque
472 2136 622 2197 Phrixeae
637 2141 746 2210 stagna
760 2135 878 2196 sororis
894 2136 973 2195 adit:

252 2219 487 2296 Rhoeteumque
501 2235 614 2295 rapax,
632 2219 785 2294 Sigeaque
800 2220 890 2278 litora
903 2219 1018 2292 transit

186 2319 239 2372 280
291 2304 329 2362 Et
342 2303 502 2376 Tenedon,
520 2310 639 2363 veteres
653 2303 790 2364 Eetionis
806 2319 912 2378 opes„

253 2387 404 2463 Cyclades
421 2388 591 2462 excipiunt,
611 2387 712 2448 Lesbo
728 2395 801 2462 post
815 2395 902 2462 terga
916 2388 1028 2459 relicta,

292 2470 419 2546 Quaque
435 2472 590 2549 Carysteis
606 2473 753 2548 frangitur
768 2471 852 2531 unda
867 2473 964 2532 vadis.

250 2554 370 2615 Transit
385 2556 572 2627 etlourium,
594 2555 701 2630 lapsas
715 2555 767 2616 ubi
783 2556 918 2631 perdidit
932 2557 997 2615 alas

292 2639 412 2715 leatus,
430 2646 460 2700 et
475 2647 581 2698 vastae
596 2639 718 2700 nomina
734 2640 805 2699 leeit
819 2655 930 2714 aquae.

184 2731 234 2785 285
250 2725 324 2782 Tum
339 2723 428 2783 laeva
443 2724 564 2796 Creten,
581 2724 689 2784 dextra
702 2723 886 2799 Pelopeidas
901 2725 999 2784 undas

291 2807 426 2882 Deserit,
442 2815 473 2867 et
489 2807 618 2867 Veneris
634 2823 724 2868 saera
739 2807 874 2886 Cythera
894 2809 976 2882 petit
1215 2865 1216 2882 y

249 2891 327 2950 Hine
341 2906 424 2950 mure
438 2891 640 2967 Trlnaerium,
656 2891 792 2952 candens
803 2891 856 2952 ubi
871 2892 1010 2967 tinguere
1025 2889 1136 2948 terrum
1215 2889 1216 2950 l

290 2973 421 3035 Brontes
436 2983 467 3036 et
481 2975 628 3051 Steropes
641 2976 896 3052 Acmonidesque
915 2977 1031 3036 solent:
1215 2963 1216 2980 ¹

250 3056 458 3134 Aequoraque
472 3060 548 3121 Atra
562 3059 648 3134 legit,
664 3057 846 3136 Sardoaque
861 3075 956 3134 regna
972 3055 1104 3118 sinistris

185 3153 238 3208 uoq
293 3140 433 3216 Respicit
446 3161 465 3204 a
479 3144 584 3218 remis,
600 3143 834 3219 Ausoniamque
849 3151 941 3206 tenet.

253 3222 336 3283 Ostia
351 3228 535 3302 contigerat,
552 3243 612 3303 qua
628 3242 662 3288 se
676 3226 836 3288 Tiberinus
851 3229 882 3288 in
897 3229 990 3290 altum

290 3307 407 3369 Dividit
421 3318 452 3370 et
466 3327 575 3386 eampo
592 3311 736 3372 liberiore
750 3318 843 3372 nutat.
1214 3303 1215 3336 ³

249 3388 354 3450 Omnis
370 3408 467 3468 eques
482 3393 639 3470 mixtaque
652 3396 756 3469 gravis
772 3410 841 3456 cum
857 3395 947 3470 plebe
967 3399 1095 3454 senatus

291 3471 406 3534 Obvius
422 3477 461 3536 ad
475 3476 566 3536 Tusei
581 3477 713 3540 fluminis
730 3495 784 3539 ore
799 3479 894 3540 venit.
