2454 4004
321 270 322 273 Ν
362 165 364 168 ’
420 190 465 261 v,
489 119 667 252 ors-ora.
992 189 1054 258 arr

125 344 188 416 Nec
202 342 278 404 satis
293 348 342 401 est
353 339 506 400 meruisse
521 342 616 402 semel
631 342 814 416 cognomina
824 340 928 404 Marti=
967 367 968 370 ¹

58 435 115 490 580
170 425 368 500 Persequitur
379 423 482 485 Parthi
497 425 586 498 signa
603 431 720 486 retenta
734 441 834 484 manu.

125 512 207 572 Gens
223 511 278 570 luit
292 517 323 589 et
337 507 455 582 campis
471 513 501 567 et
515 506 604 581 equis
619 514 649 568 et
662 515 727 569 tuta
741 508 868 584 sagittis,

165 594 205 654 Et
219 591 413 653 circumfusis
428 591 512 651 invia
525 589 710 650 fluminibus.

24 669 31 685 ⁸
123 677 317 738 Addiderunt
330 676 450 736 animos
466 675 647 735 Crassorum
662 676 770 736 lunera
784 675 876 748 genti,
906 737 908 740 ,

169 761 242 821 Cum
256 758 347 834 periit
360 759 448 818 miles
464 753 615 834 signaque
630 757 754 834 duxque
769 757 869 818 simul.

57 851 112 906 585
128 842 236 919 Signa,
256 844 352 902 decus
368 841 453 914 belli,
471 840 599 900 Parthus
614 841 753 902 Romana
766 841 898 913 tenebat

165 927 388 1000 Romanaeque
403 924 524 998 aquilae
540 924 668 998 signiter
682 925 780 986 hostis
796 929 876 985 erat!

121 1010 216 1082 Isque
229 1008 331 1082 pudor
346 1007 644 1081 mansisset'adhuc,
661 1009 721 1068 nisi
736 1006 863 1070 fortibus
880 1005 971 1068 armis

167 1091 307 1152 Caesaris
322 1091 481 1150 Ausoniae
496 1096 730 1164 protegerentur
745 1107 833 1167 opes,

81 1235 83 1240 .
123 1176 177 1234 llle
191 1179 279 1235 notas
295 1180 415 1232 ‘veteres
431 1179 460 1231 ct
478 1172 562 1246 longi
577 1173 714 1234 dedecus
729 1175 797 1245 aevi

57 1265 114 1320 59⁰
170 1257 307 1318 Sustulit.
337 1263 487 1330 agnorunt
501 1256 590 1329 signa
603 1263 729 1331 recepta
746 1273 833 1316 suess

125 1342 204 1416 Quid
218 1341 271 1402 tibi
286 1355 366 1401 nunc
386 1339 495 1398 solitae
509 1339 584 1398 mitti
599 1346 671 1414 post
686 1347 771 1414 terga
786 1340 923 1414 sagittae,

150 1417 153 1425 ’
166 1425 244 1498 Quid
259 1425 342 1498 loca,
359 1422 432 1497 quid
445 1422 546 1496 rapidi
563 1423 676 1496 profuit
689 1437 765 1484 usus
780 1422 873 1500 equit

123 1509 247 1584 Partho,
261 1508 358 1567 refers
378 1509 508 1581 aquilas.
537 1507 637 1567 victos
660 1523 785 1582 quoque
804 1506 934 1582 porrigis
955 1519 1057 1568 arcus.

165 1591 296 1666 Pignora
313 1590 372 1650 iam
387 1591 484 1650 nostri
503 1591 586 1650 nulla
599 1591 726 1664 pudoris
743 1590 853 1651 habes.

56 1684 111 1739 595
125 1677 193 1736 Rite
209 1675 268 1734 deo
282 1675 491 1749 templumque
506 1675 610 1734 datum
625 1689 798 1750 nomenque
813 1673 862 1734 bis
877 1675 949 1748 ulto,

165 1759 204 1818 nt
219 1757 342 1818 meritus
362 1759 426 1817 voti
444 1757 546 1817 debita
564 1757 656 1818 solvit
669 1759 778 1822 honor.

91 1873 96 1876 -
124 1842 294 1903 sollemnes
311 1841 402 1900 ludos
418 1840 504 1902 Circo
520 1841 688 1916 celebrate,
705 1841 850 1916 Quirites!
951 1881 957 1894 t

145 1931 147 1934 ’
166 1925 233 1985 Non
247 1925 316 1984 visa
332 1931 379 1985 est
394 1925 502 1986 fortem
517 1939 630 1985 scaena
646 1925 758 1986 decere
772 1926 874 1998 deum.

413 2055 463 2120 13.
491 2057 684 2120 stultit

122 2175 245 2234 Pliadas
260 2174 394 2250 aspicies
411 2190 517 2235 omnes
533 2181 692 2250 totumque
707 2190 848 2234 sororum

59 2269 113 2324 600
168 2259 303 2332 Agmen,
318 2255 370 2318 ubi
389 2264 459 2321 ante
474 2258 548 2318 ldus
563 2275 626 2318 nox
641 2258 697 2318 erit
710 2275 771 2318 una
785 2274 890 2334 super.

121 2343 196 2402 Tum
211 2341 283 2400 mihi
298 2357 359 2402 non
374 2341 475 2402 dubiis
494 2341 668 2402 auctoribus
683 2340 789 2415 incipit
803 2351 914 2416 aestas,

136 2501 140 2508 ‚
162 2424 200 2484 Et
216 2424 311 2499 tepidi
325 2425 417 2483 finem
431 2423 570 2499 tempora
588 2425 671 2483 veris
686 2423 808 2484 habent.

487 2557 537 2620 14.
555 2542 613 2630 FC

124 2673 229 2737 Idibus
247 2691 302 2735 oro
316 2675 401 2750 prior
416 2674 570 2734 stellantia
582 2675 690 2734 tollere
704 2675 835 2733 Taurum

165 2759 291 2819 Iudicat.
320 2759 393 2818 huic
407 2759 495 2834 signo
512 2758 615 2817 sabula
630 2765 703 2817 nota
720 2755 837 2818 subest

62 2842 281 2913 cospraebuit,
302 2849 335 2900 ut
350 2848 474 2917 taurus,
488 2841 599 2918 Tyriae
614 2857 671 2900 sua
688 2846 774 2915 terga
788 2838 910 2915 puellae
994 2835 1000 2848 '

168 2926 318 3000 luppiter,
335 2932 364 2984 et
383 2926 463 2986 lalsa
477 2941 593 2984 cornua
608 2924 708 2986 tronto
722 2925 796 2984 tulit.

125 3011 180 3070 Illa
193 3009 296 3070 iubam
310 3009 433 3084 dextra,
447 3012 536 3070 laeva
549 3009 698 3086 retinebat
712 3009 848 3078 amictus

166 3093 205 3153 Et
218 3093 309 3152 timor
322 3093 392 3168 ipse
406 3094 478 3153 novi
494 3107 589 3151 causa
603 3092 724 3151 decoris
741 3098 814 3151 erat.

124 3177 210 3238 Aura
224 3176 310 3237 sinus
326 3177 439 3251 implet.
469 3175 570 3236 flavos
586 3181 690 3236 movet
705 3190 779 3234 aura
792 3173 931 3248 capillos.

61 3269 112 3324 tto
166 3261 289 3333 Sidoni,
308 3261 353 3320 sic
369 3261 472 3320 fueras
487 3258 756 3334 aspiciendalovi.
985 3319 989 3325 ,

126 3344 228 3418 Saepe
243 3345 398 3419 puellares
414 3342 560 3404 subduxit
577 3342 615 3401 ab
631 3356 769 3416 aequore
783 3340 915 3415 plantas,
968 3394 969 3398 ,

167 3427 206 3488 Et
220 3427 325 3489 metuit
337 3433 437 3487 tactus
452 3425 618 3488 assilientis
633 3439 746 3500 aquae:
