2520 4008
160 193 219 260 118
551 197 611 257 EX
631 195 779 258 Ponto
833 183 844 234 f

285 352 405 425 Perque
420 362 528 409 manus
543 347 634 408 huius
648 347 760 408 tradita
774 350 873 422 gentis
889 355 947 408 eat.
991 371 993 374 ·

244 436 286 494 At
299 441 331 494 tu
345 440 407 494 tam
421 431 559 508 placido,
577 448 669 507 quarn
689 447 747 490 nos
771 447 897 508 quoque
912 431 1067 494 sensimus
1083 433 1185 510 illum,

285 517 390 577 iudice
405 530 462 591 pro
477 515 611 585 lacrimis
627 530 682 575 ora
696 515 819 574 resolve
834 515 921 575 meis.

185 608 232 666 lob
246 601 314 662 Non
328 599 422 676 petito
438 606 471 661 ut
483 600 563 660 bene
579 599 632 675 sit,
648 598 705 660 sed
720 597 856 659 utimale
871 601 980 673 tutiuS,
995 607 1092 675 utque

211 749 213 754 ,
283 684 416 746 Exilium
431 699 527 746 saevo
544 684 636 743 distet
649 681 688 742 ab
703 680 793 742 hoste
808 698 925 744 meum:
999 723 1002 728 ,
1078 695 1079 698 ¹

244 769 402 845 Quamque
419 769 533 829 dedere
547 767 619 826 mihi
634 768 809 842 praesentia
823 767 946 826 numina
962 767 1062 844 vitam,

284 853 352 914 Non
371 853 484 913 adimat
499 850 603 911 stricto
620 849 781 926 squalidus
797 867 872 910 ense
888 851 995 912 Getes:
1023 886 1025 891 -

244 935 398 1011 Denique,
414 936 440 995 si
455 936 583 1007 moriar,
600 933 728 1010 subeam
743 935 882 1009 pacatius
899 951 1013 1007 arvum,

94 1071 97 1074 -
126 1095 129 1102 ,
178 1029 231 1086 110
288 1019 368 1080 Ossa
381 1034 439 1080 nec
454 1035 473 1078 a
487 1018 633 1095 Scythica
645 1013 753 1078 nostra
766 1025 942 1092 premantur
955 1018 1056 1102 immo,

242 1104 304 1165 Nec
319 1102 398 1174 male
412 1103 619 1179 compositos,
634 1109 668 1162 ut
682 1102 798 1163 seilicet
812 1103 903 1162 exule
918 1102 1052 1176 dignum,

283 1187 412 1249 Bistonii
427 1187 547 1247 eineres
561 1187 675 1262 ungula
689 1187 791 1267 pulset
806 1187 877 1262 equi
884 1209 892 1243 ¹=
945 1231 953 1238 .

240 1273 278 1332 Et
292 1286 346 1344 ne,
362 1271 390 1331 si
405 1278 546 1347 superest
560 1271 671 1346 aliquis
686 1277 758 1346 post
773 1270 881 1330 lunera
896 1284 1016 1343 sensus,

282 1355 406 1416 Terreat
420 1362 450 1415 et
463 1371 570 1414 manes
581 1353 733 1415 'Sarmatis
748 1354 858 1416 umbra
870 1369 968 1415 meos.

177 1446 227 1500 115
243 1438 383 1498 Caesaris
397 1438 475 1498 haec
489 1438 622 1501 animum
636 1443 777 1513 poterant
791 1438 896 1498 audita
907 1453 1042 1510 movere,

154 1543 160 1552 ·
240 1533 242 1536 ·
281 1519 428 1594 Maxime,
444 1523 615 1584 movissent
629 1521 655 1581 si
670 1529 770 1598 tamen
785 1528 855 1582 ante
868 1529 962 1582 tuum.

239 1606 325 1679 Vox,
341 1619 467 1680 precor,
482 1607 639 1681 Augustas
655 1620 712 1681 pro
727 1621 776 1664 me
789 1613 842 1666 tna
856 1605 972 1667 molliat
986 1621 1085 1680 aures,

176 1704 178 1710 ¹
268 1688 406 1749 ‚Auxilio
422 1689 550 1764 trepidis
567 1705 646 1766 quae
658 1690 738 1748 solet
753 1703 824 1749 esse
838 1689 915 1749 reis:

239 1772 439 1847 Adsuetaque
454 1772 506 1832 tibi
523 1774 633 1834 doctae
647 1769 810 1834 dulcedine
825 1772 947 1848 linguae

177 1861 228 1916 tao
283 1855 447 1931 Aequandi
462 1856 583 1933 superis
598 1863 725 1932 pectora
739 1855 828 1916 tleete
843 1856 909 1916 viri.

212 1973 214 1978 -
238 1938 305 2000 Non
319 1937 373 1999 tibi
387 1937 615 2014 Theromedon,
633 1941 809 2015 crudusque
823 1939 979 2017 rogabitur
992 1942 1117 2017 Atreus,

282 2021 399 2098 Quique
414 2023 480 2084 suis
495 2023 636 2085 homines
651 2023 764 2100 pabula
777 2025 849 2084 iecit
863 2026 968 2100 equis=
1008 2051 1010 2057 ·

220 2103 302 2186 'Sed
316 2105 403 2181 piger
417 2107 457 2167 ad
472 2123 591 2183 poenas
605 2109 766 2184 princeps,
783 2108 823 2167 ad
838 2109 975 2185 praemia
989 2108 1090 2183 velox,

280 2187 399 2263 Quique
414 2191 511 2266 dolet,
529 2192 670 2268 quotiens
685 2193 805 2268 cogitur
823 2208 895 2253 esse
912 2193 1008 2252 ferox.

175 2277 225 2334 115
241 2270 296 2343 Qui
313 2272 384 2332 vicit
398 2288 536 2350 semper,
552 2275 640 2337 vietis
654 2283 688 2338 ut
703 2291 829 2352 parcere
843 2283 960 2353 posset,

282 2354 398 2416 Clausit
411 2364 441 2418 et
456 2364 581 2418 aeterna
595 2359 692 2420 civica
706 2359 788 2419 bella
802 2377 886 2421 sera:

126 2509 128 2516 y
236 2437 330 2499 Multa
344 2445 425 2498 metu
439 2455 575 2516 poenae,
594 2457 695 2518 poena
712 2444 765 2519 qui
779 2459 878 2520 pauca
896 2450 1025 2517 coercet,

277 2519 315 2580 lit
329 2522 400 2582 iacit
414 2523 508 2584 invita
523 2525 650 2586 fulmina
664 2543 733 2586 rara
746 2542 847 2587 mann.

235 2604 316 2679 Ergo
330 2611 392 2665 tam
407 2607 548 2681 placidas
562 2615 664 2670 orator
678 2612 791 2672 missus
808 2609 847 2670 ad
862 2625 961 2683 aures,

172 2693 223 2750 155
278 2687 317 2750 Ut
336 2690 464 2766 propior
477 2692 594 2768 patriae
609 2694 649 2754 sit
662 2696 735 2769 fuga
750 2700 871 2766 nostra,
886 2708 971 2767 roga.

234 2770 287 2832 llle
301 2785 360 2846 ago
375 2790 458 2849 sum,
474 2776 527 2850 qui
539 2782 570 2836 te
584 2776 680 2851 colui,
696 2793 788 2854 quern
802 2778 881 2838 testa
896 2777 1014 2837 solebat

273 2855 355 2915 Inter
370 2859 520 2918 convivas
539 2876 648 2921 mensa
661 2861 767 2922 videre
781 2869 866 2922 tuos=

229 2938 284 2996 1115
299 2953 372 3012 ego,
390 2940 441 3012 qni
457 2940 667 3006 duxi·vestros
682 2944 884 3022 Hymenaeon
898 2943 939 3002 ad
953 2942 1051 3017 ignes,

273 3019 312 3080 Et
329 3021 427 3081 cecini
443 3025 544 3086 lausto
561 3029 696 3090 carmina
710 3030 803 3104 digna
817 3034 901 3090 teror
918 3025 921 3031 “

67 3154 69 3160 ,
169 3110 219 3166 155
234 3101 326 3162 Cuius
341 3109 371 3164 te
390 3106 513 3169 solitum
528 3113 651 3172 memini
665 3111 792 3174 laudare
805 3110 935 3185 libellos,

273 3183 435 3280 llxeeptis,
451 3193 575 3254 domino
592 3195 643 3270 qui
659 3210 794 3258 nocuere
809 3210 885 3255 suo=

230 3268 284 3327 Cur
297 3274 349 3330 tua
363 3287 590 3350 nonnumquam
605 3277 724 3338 miranti
739 3279 854 3354 scripta
867 3276 1009 3352 legebasr

270 3351 324 3410 Ille
339 3369 413 3427 ego,
430 3356 469 3416 de
484 3365 589 3420 vestra
604 3361 653 3421 cui
673 3363 744 3421 data
758 3367 853 3437 nupta
869 3361 961 3421 domo
976 3365 1033 3422 est

227 3431 312 3492 Hanc
327 3435 436 3510 probat
450 3445 480 3500 et
494 3441 592 3516 primo
608 3444 748 3504 dilectam
762 3458 886 3520 semper
900 3443 939 3502 ab
953 3455 1034 3504 aevo
