2454 4004
126 186 189 250 268
505 176 759 276 EASTORUM

211 337 312 410 thue
326 335 520 392 recusantem
535 327 619 386 eives
634 334 663 387 et
676 335 798 402 tempus
811 335 844 392 et
854 329 918 408 Ino⁴

144 429 197 487 860
252 415 469 490 conpulerint
482 425 586 486 regern
600 411 686 472 iussa
700 411 834 472 uetando
847 413 919 488 pati,

209 504 248 563 Et
262 514 352 562 soror
366 503 396 557 et
408 486 553 566 Phrixus,
576 495 666 554 vetati
680 501 820 568 tempora
835 495 926 570 vittis,
997 507 999 512 ·

252 584 339 645 Stant
349 581 441 640 simul
457 585 528 638 ante
543 593 624 652 aras,
640 578 803 652 iunctaque
818 579 880 640 iata
893 586 1028 653 gemunt.

210 667 332 746 Aspicit
344 665 417 732 hos,
435 669 467 722 ut
481 663 559 723 iente
572 660 761 739 pependerat
775 661 906 734 aethere,
921 670 1026 734 mater,

250 752 288 810 Et
301 747 369 808 ierit
383 746 509 806 attonite
522 751 647 820 portora
661 745 743 804 nuda
756 759 862 804 mauu:

144 841 197 898 att
211 834 307 910 Inque
322 829 559 904 draconigenam
575 827 684 888 nimbis
700 827 911 888 comitantibus
928 827 1034 888 urbem
1109 881 1119 889 .

250 915 374 987 Desilit,
394 919 424 972 et
438 918 527 973 natos
543 911 631 986 eripit
644 910 715 969 inde
729 927 816 971 suos.

210 1001 311 1074 thue
325 999 428 1072 iugem
441 995 576 1071 capiant,
600 994 896 1061 ariesuitidissimus
911 1009 987 1053 auno
1101 1025 1104 1030 ,

250 1081 397 1144 Traditur.
427 1079 478 1138 iiie
491 1077 575 1156 vehit
590 1091 645 1151 per
659 1078 736 1138 treta
749 1078 844 1152 longa
856 1077 945 1140 duos.

211 1167 326 1227 Dieitur
340 1164 460 1225 infirma
475 1177 573 1221 cornu.
584 1159 720 1220 tenuisse
735 1161 859 1221 sinistra
1032 1219 1033 1222 ,

145 1258 197 1314 870
250 1247 389 1320 Femina,
410 1259 478 1306 eum
493 1246 532 1303 de
546 1259 581 1304 se
595 1245 718 1304 uomina
733 1243 804 1304 iecit
817 1259 925 1317 aquae.
1022 1266 1024 1270 ’

211 1335 311 1392 Paene
325 1329 414 1390 simul
429 1328 532 1402 periit,
548 1328 619 1386 dum
635 1327 700 1386 voit
714 1342 893 1388 sueourrere
907 1329 1020 1400 lapsae,
1092 1383 1095 1390 .

251 1415 366 1484 Frater,
380 1419 412 1472 et
429 1417 566 1470 extentas
581 1411 708 1484 porrigit
721 1427 821 1485 usque
834 1427 952 1492 manus.
985 1485 990 1490 ᾖ

210 1496 335 1570 Flebat,
344 1504 376 1555 ut
391 1495 506 1555 arnissa
519 1494 630 1568 gemini
641 1501 784 1554 consorte
799 1494 912 1569 periali,

252 1579 396 1641 Caeruleo
412 1579 544 1637 iunctam
558 1576 682 1638 neseius
698 1593 769 1638 esse
784 1579 854 1641 deo.
917 1621 919 1626 κ

143 1673 194 1729 875
209 1663 361 1724 Litoribus
374 1661 464 1720 tactis
477 1661 557 1720 aries
572 1660 606 1720 fit
620 1661 715 1720 sidus.
746 1668 776 1721 at
789 1661 880 1722 huius

166 1762 168 1766 ’
252 1746 393 1806 Pervenit
408 1745 438 1803 in
454 1742 584 1804 Colchas
600 1759 693 1808 aurea
706 1745 778 1804 lana
792 1745 911 1805 dornos.

282 1876 332 1940 aa.
356 1875 640 1953 conexos
682 1875 732 1940 25.
755 1879 810 1938 ue
853 1877 902 1940 aa.
926 1859 978 1936 ue
1005 1925 1006 1930 Ν

212 1996 285 2080 ires
300 1995 351 2055 ubi
364 1995 522 2055 Lueiieros
537 1995 664 2056 veniens
681 1995 869 2070 praemiserit
882 1997 953 2070 Eos,

253 2079 405 2155 Tempora
420 2078 575 2138 nocturnis
591 2093 690 2154 aequa
704 2079 813 2139 diuma
828 2080 916 2138 seres.
945 2111 950 2113 Δ

186 2209 330 2274 etam
350 2228 433 2272 noc·
449 2229 525 2270 ora·
541 2227 702 2291 caesae·
718 2229 909 2271 nuaxnuu·
925 2204 1079 2272 aucerre

300 2373 302 2377 J
365 2291 416 2356 ee.
439 2295 494 2354 ec
528 2293 580 2356 aa.
601 2295 658 2355 uo
692 2295 743 2380 ao.
765 2297 899 2368 aequ)

212 2412 286 2471 inde
302 2420 407 2488 quater
420 2420 526 2487 pastor
541 2419 661 2472 saturos
679 2414 730 2475 ubi
748 2415 892 2474 clauserit
904 2415 1029 2489 haedos,

145 2501 198 2556 880
253 2495 416 2555 canuerint
427 2495 541 2555 herbae
555 2511 624 2555 rore
637 2504 759 2557 recente
775 2505 889 2573 quater,
912 2523 915 2528 ¹

212 2577 304 2637 Ianus
320 2579 510 2650 adorandus,
535 2593 666 2653 eumque
679 2581 739 2639 hoe
755 2582 925 2642 Concordia
940 2584 1018 2642 mitis

73 2740 80 2756 x
121 2719 123 2726 ,
170 2702 172 2706 ,
251 2659 289 2722 Ft
302 2663 439 2724 Romana
455 2661 544 2724 Salus
559 2679 674 2738 artique
687 2664 775 2725 Paeis
789 2666 854 2724 erit.

569 2767 622 2858 et.
645 2795 697 2857 ce

211 2877 387 2982 tunaiegn
399 2910 523 2970 mensis.
552 2910 642 2972 huius
659 2927 782 2986 quoque
798 2920 936 2988 tempora
950 2911 1063 2972 mensis
1108 2973 1110 2978 ,

128 2989 130 3002 ²
251 2989 329 3050 Finit
344 2993 494 3052 Aventino
508 2992 595 3055 Luna
610 2995 738 3054 eoieuda
753 2995 834 3070 iugo.

681 3116 690 3150 l
736 3124 748 3142 a

530 3201 734 3216 Ἠ
