2520 4008
444 228 489 299 V,
512 224 555 302 l,x
571 223 690 300 10-2,
713 228 742 290 4.

166 437 168 444 ,
210 381 295 442 Tibia
309 377 467 439 funeribus
482 377 625 439 convenit
638 378 697 438 ista
710 381 797 440 meis.

165 465 220 526 ‘At
233 453 371 541 pote'ras’
386 462 488 535 inquis
503 461 622 521 ‘melius
639 463 719 521 maia
735 465 813 524 ierre
828 465 956 543 silendo,

116 558 152 612 50
206 549 245 608 Et
258 547 369 608 tacitus
382 561 474 604 cesus
489 544 682 604 dissimulare
698 551 789 605 tuos?
898 569 901 574 ·

168 632 288 706 Exigis,
303 637 336 689 ut
350 628 424 690 nulli
439 627 569 702 gemitus
583 634 733 688 tormenta
747 639 923 707 sequnntur,

209 717 410 787 Acceptoque
424 712 511 786 gravi
526 713 650 770 vulnere
665 711 741 773 flere
757 719 865 776 vetes?

168 801 239 875 lpse
252 794 531 857 PerilleoPholaris
548 797 686 870 permisit
699 796 729 858 in
744 813 815 858 aere

206 881 306 941 Edere
319 879 452 953 mugitus
468 883 498 937 et
511 878 601 938 bovis
618 895 672 938 ore
687 881 783 954 queri.

115 975 149 1028 55
165 966 237 1026 Cum
252 961 360 1022 Priami
376 961 507 1022 lacrimis
523 959 660 1022 offensus
675 979 737 1023 non
753 965 792 1024 sit
805 964 950 1041 Achilles,

207 1049 248 1108 Tu
265 1046 356 1108 fletus
371 1045 506 1121 inhibes,
523 1045 628 1105 dun'or
642 1045 748 1120 hoste,
764 1055 872 1107 meost

166 1133 238 1192 Cum
254 1132 368 1190 iaceret
380 1128 497 1189 Nioben
514 1127 619 1190 orbam
633 1129 761 1189 Latonia
775 1131 887 1206 proles,

207 1214 275 1274 Non
288 1219 389 1273 temen
403 1211 483 1272 hanc
499 1213 599 1273 siccos
614 1213 703 1272 iussit
716 1212 831 1274 hebere
844 1231 950 1290 genas.
1053 1243 1055 1250 ·

164 1299 220 1358 Est
234 1297 364 1373 aliquid,
379 1297 471 1356 fatale
486 1297 598 1356 motum
613 1311 669 1372 per
681 1295 778 1356 verba
794 1298 913 1358 levare:

114 1391 151 1447 oo
205 1381 272 1442 Hoc
287 1380 444 1456 querulam
458 1379 595 1440 Procnen
609 1379 852 1456 Halcyonenque
870 1382 951 1442 iacit.

163 1465 231 1526 Hoc
250 1471 328 1536 eret,
345 1463 375 1522 in
390 1463 492 1538 gelido
509 1478 603 1538 quare
619 1462 783 1524 Poeantius
799 1473 885 1527 antro

205 1549 291 1608 Voce
306 1548 445 1622 fatigaret
457 1547 584 1606 Lemnia
603 1562 680 1608 saxa
694 1563 760 1607 sua.
906 1549 908 1554 '

165 1629 338 1706 strangulat
351 1630 488 1690 inclusus
504 1631 594 1693 dolor
608 1638 700 1706 atque
714 1637 873 1692 exaestuet
885 1633 975 1707 intus,

206 1714 327 1790 cogitur
342 1721 372 1775 et
385 1713 468 1773 vires
483 1714 683 1789 multiplicare
698 1730 782 1774 suns.

111 1809 145 1863 65
161 1798 208 1858 Da
225 1799 346 1858 veniam
359 1798 479 1872 potius,
497 1800 547 1857 vel
562 1804 643 1858 totos
657 1798 730 1858 tolle
744 1797 873 1873 libellos,

205 1881 238 1942 Si
253 1882 324 1942 mihi
343 1882 427 1958 quod
443 1882 585 1956 prodest,
604 1881 663 1940 hoo
677 1882 744 1954 tibi,
761 1881 870 1954 lector,
888 1882 985 1944 obest.

163 1963 226 2024 Sed
244 1968 344 2040 neque
360 1965 473 2026 obesse
489 1971 606 2040 potest,
622 1965 674 2025 uili
689 1980 747 2024 nec
761 1966 876 2040 scripto
886 1966 1006 2028 inerunt

203 2049 316 2110 Nostra
329 2048 387 2110 nisi
403 2048 518 2108 auctori
534 2049 710 2123 perniciosa
727 2063 794 2107 suo.

163 2133 218 2192 ‘At
229 2133 310 2192 molo
325 2136 415 2192 sunt!
436 2131 557 2191 Fateor.
580 2131 653 2205 Quis
672 2137 702 2190 te
716 2131 796 2190 mata
810 2147 932 2192 sumere
947 2135 1048 2208 cogite

112 2224 148 2279 70
203 2216 266 2276 Aut
287 2217 355 2290 quis
372 2216 533 2290 deceptum
547 2230 664 2291 ponere
679 2221 800 2288 sumpta
813 2221 916 2274 vetat?

162 2299 235 2374 Ipse
248 2314 306 2358 nec
320 2299 380 2359 hoo
397 2300 525 2373 mando,
542 2299 614 2373 sed,
630 2304 663 2358 ut
676 2297 725 2356 hio
741 2297 888 2371 deducta,
905 2300 1055 2374 legantur:

205 2383 272 2444 Non
288 2389 358 2442 sunt
372 2383 424 2442 illa
439 2397 496 2443 suo
511 2382 691 2442 barbariora
705 2382 785 2441 loco.

161 2465 224 2525 Nee
238 2482 288 2525 me
300 2467 400 2527 Romo
414 2467 480 2527 suis
496 2466 588 2526 debet
607 2467 746 2527 conterre
761 2466 869 2540 poetis.

204 2549 285 2610 lnter
300 2549 496 2610 Sauromatas
512 2551 690 2624 ingeniosus
705 2565 797 2608 eram.

110 2641 143 2696 7⁵
160 2631 299 2709 Denique
313 2635 397 2694 nulla
410 2634 483 2693 mihi
499 2641 636 2710 captatur
650 2633 759 2707 glorio,
777 2647 917 2708 quaeque

202 2716 328 2792 Ingenio
345 2717 485 2779 stimulos
503 2718 636 2778 subdere
651 2718 732 2775 inmo
751 2717 838 2774 solet.

160 2801 306 2861 Nolumus
322 2801 458 2861 assiduis
473 2802 604 2862 animum
619 2800 778 2861 tabescere
792 2800 883 2872 curis,
918 2821 920 2826 ·

204 2881 287 2956 Quae
301 2891 403 2946 tamen
418 2885 607 2960 inrumpunt,
624 2897 749 2960 quoque
763 2889 919 2958 vetantur,
934 2889 1014 2944 eunt.

162 2965 221 3026 Cur
235 2967 383 3043 scribam,
400 2969 500 3032 docui.
538 2970 597 3030 Cur
610 2969 738 3040 mittum,
756 2965 917 3041 quaeritis,
933 2967 1032 3028 istuc?

109 3056 146 3110 tto
201 3049 372 3112 Vobiscum
387 3051 479 3126 cupio
497 3053 635 3128 quolibet
648 3065 722 3112 esse
735 3051 838 3110 modo.
937 3107 941 3112 .

483 3161 678 3172 u-—ffl

94 3183 138 3280 2·
159 3179 285 3294 Ecquid
301 3222 352 3282 ubi
368 3238 385 3281 e
399 3221 496 3282 Ponto
513 3237 595 3282 nova
610 3221 692 3280 venit
706 3221 851 3296 epistola,
869 3221 974 3297 palles,

199 3301 238 3362 Et
251 3303 305 3364 tibi
324 3306 455 3367 sollicita
470 3305 598 3366 solvitur
611 3305 662 3364 itia
676 3311 787 3364 manu?

156 3385 243 3446 Pone
259 3396 387 3464 metum,
403 3390 503 3449 valeo.
540 3403 730 3464 corpusque,
747 3388 831 3463 quod
846 3395 916 3449 ante
931 3387 1068 3449 taborum

200 3471 358 3546 inpatiens
373 3473 465 3535 nobis
480 3473 707 3547 invalidumque
723 3472 785 3546 suit,
