2520 4008
480 216 524 290 V,
547 216 582 282 2.
604 213 718 280 5-78.
1058 217 1100 284 79

165 369 302 443 Viderit,
318 367 387 443 ipse
403 383 537 442 sacram,
554 365 694 442 quamvis
709 367 843 446 invisus,
859 371 899 430 ad
914 387 994 432 aram

211 450 401 526 confugiam.
438 451 537 512 nautas
552 457 722 510 summovet
737 469 789 514 ara
803 471 921 516 manus.

117 627 153 682 ιι
167 620 332 694 Adloquor
345 633 384 678 en
399 616 513 678 absens
528 618 667 678 absentia
680 619 804 680 numina
817 623 959 696 supplex,

213 703 245 764 Si
261 702 308 762 las
323 708 371 762 est
385 699 499 762 homini
515 718 584 762 eum
598 702 672 762 love
688 718 783 777 posse
798 703 893 780 loqui.
926 779 929 786 Δ

170 787 294 848 Arbiter
306 785 439 860 imperil,
457 801 518 859 quo
535 793 649 846 certum
664 793 712 846 est
727 789 844 863 sospite
860 795 987 849 eunetos

213 869 372 931 Ausoniae
386 873 489 928 curam
503 870 602 944 gentis
617 869 731 930 habere
746 871 833 945 deos,

173 953 197 1014 0
213 955 324 1025 decus,
341 968 359 1012 ο
375 953 493 1028 patriae
509 968 564 1029 per
579 961 608 1013 te
623 951 760 1014 florentis
777 954 886 1030 imago,

119 1046 155 1100 do
212 1036 235 1097 0
256 1037 302 1096 vir
315 1052 376 1096 non
391 1037 477 1111 ipse,
494 1052 584 1111 quem
598 1038 695 1111 regis,
712 1037 786 1098 orbe
800 1040 913 1100 minor!

171 1119 222 1181 Sie
236 1119 355 1182 habites
369 1127 466 1182 terras
482 1127 512 1180 et
525 1127 555 1181 te
570 1121 725 1182 desideret
738 1122 851 1195 aether,

214 1203 265 1264 Sie
280 1204 321 1263 ad
335 1210 425 1278 pacta
438 1203 493 1265 tibi
508 1203 612 1264 sidera
624 1205 730 1265 tardus
747 1221 810 1279 eas

169 1289 280 1361 Parce,
297 1301 422 1370 precor,
437 1288 654 1363 minimamque
668 1293 719 1350 tuo
735 1288 774 1348 de
788 1289 912 1350 fulmine
927 1298 1041 1368 partem

212 1373 307 1432 Deme
315 1379 328 1454 ι,
357 1371 433 1432 satis
450 1387 569 1446 poenae
585 1372 669 1448 quod
684 1373 855 1449 superabit,
871 1375 936 1435 erit.

117 1457 214 1518 551ra
230 1455 353 1531 quidem
364 1457 522 1521 moderata
535 1462 588 1516 tua
602 1463 664 1531 est,
680 1456 835 1532 vitamque
850 1457 971 1534 dedisti,

211 1540 275 1600 Nee
287 1538 362 1598 mihi
376 1539 423 1602 ius
440 1540 532 1614 civis,
548 1554 606 1599 nee
620 1540 692 1600 milri
707 1556 817 1600 nomen
830 1541 932 1602 abest=

169 1623 232 1684 Nee
246 1639 315 1684 mea
329 1639 481 1684 concessa
495 1630 542 1684 est
556 1624 624 1685 aliis
640 1625 774 1700 fortuna,
790 1640 847 1685 nee
862 1628 934 1686 exul

210 1706 308 1767 Edieti
323 1708 425 1768 verbis
441 1708 582 1769 nominor
595 1709 664 1784 ipse
678 1709 731 1770 tui.

170 1791 339 1866 Omniaque
352 1792 429 1852 lraee
445 1790 546 1866 timui,
562 1792 706 1867 quoniam
722 1792 871 1852 meruisse
887 1792 1022 1852 videbar.

116 1882 153 1938 60
211 1873 274 1934 Sed
282 1881 338 1935 ‘tua
352 1883 479 1950 peceato
494 1876 593 1936 lenior
606 1876 651 1936 ira
665 1891 734 1935 meo
750 1883 805 1936 est.

167 1959 254 2020 Arva
265 1959 430 2034 relegatum
446 1960 564 2027 iussisti
579 1961 680 2021 visere
693 1959 790 2032 Ponti,
1060 2027 1062 2032 ¹

114 2101 117 2109 ,
211 2041 249 2102 Ει
265 2041 440 2118 Scythicum
460 2044 592 2120 profuga
607 2045 748 2104 scindere
765 2059 867 2120 puppe
883 2045 1001 2106 lretum.

168 2127 277 2186 Iussus
292 2127 332 2186 ad
344 2127 454 2188 Euxini
470 2128 619 2189 delomria
633 2128 722 2187 litora
735 2129 806 2186 veni

209 2211 375 2284 Aequoris.
410 2211 487 2271 haec
503 2211 606 2288 gelido
622 2217 702 2270 terra
716 2209 774 2270 sub
789 2225 848 2270 axe
859 2210 946 2269 iacet.

115 2299 152 2356 65
167 2293 230 2354 Nee
245 2309 294 2354 me
311 2300 371 2354 tam
387 2294 502 2356 erueiat
516 2310 682 2370 numquam
703 2293 770 2353 sine
786 2294 898 2368 frigore
914 2293 1041 2368 eaelum,

212 2372 368 2454 Glebaque
383 2379 504 2443 canenti
520 2394 643 2454 semper
658 2377 768 2437 obusta
782 2378 861 2452 gelu,

140 2493 145 2498 ·
168 2461 342 2536 Nesciaque
356 2468 404 2522 est
417 2463 505 2523 vocis
523 2462 607 2537 quod
624 2462 756 2522 barbara
770 2462 873 2538 lingua
885 2461 1019 2544 Latinae,

211 2545 363 2620 Graiaque
378 2546 464 2622 quod
484 2546 588 2607 Getico
604 2547 684 2606 vieta
700 2546 835 2620 loquella
850 2558 927 2604 sono
943 2550 998 2618 ast,

169 2628 264 2704 Quam
280 2631 363 2704 quod
377 2631 504 2692 finitimo
520 2632 637 2690 cinctus
653 2643 776 2706 premor
791 2629 925 2702 undique
939 2628 1043 2700 Marte,

116 2719 153 2775 70
208 2713 331 2788 Vixque
344 2713 448 2775 brevis
463 2722 545 2776 tutos
560 2731 666 2774 murus
680 2713 718 2772 ab
734 2712 823 2772 hoste
839 2712 919 2770 lacit.

167 2795 231 2856 Pax
247 2804 345 2862 tamen
361 2799 512 2861 interdum
526 2807 582 2860 est.
620 2798 707 2874 pacis
722 2795 836 2856 fiducia
849 2809 1021 2870 numquam.

211 2879 263 2940 Sia
278 2881 327 2941 hic
346 2899 427 2943 nune
442 2875 567 2957 patitur,
585 2897 664 2943 nune
679 2881 762 2960 timet
776 2895 860 2940 arma
874 2879 971 2940 loeus.

168 2963 245 3024 Hine
261 2980 318 3040 ego
333 2966 406 3028 dum
420 2974 532 3040 muter,
554 2969 604 3027 vel
618 2982 667 3025 nne
680 2965 832 3026 Zanelaea
848 2961 1023 3038 Charybdis

208 3049 344 3110 Devoret
358 3058 449 3128 atque
466 3051 531 3112 suis
547 3052 587 3111 ad
603 3048 699 3126 Styga
715 3049 810 3108 mittat
825 3047 925 3123 aquis,

115 3137 151 3196 ⁷5
165 3133 222 3192 Vel
237 3134 365 3208 rapidae
381 3133 512 3195 flammis
527 3151 599 3196 urar
618 3134 767 3210 patienter
781 3133 811 3192 in
829 3133 957 3203 Aetnae,

207 3217 265 3276 Vel
280 3217 356 3280 freta
369 3219 515 3280 Leucadii
529 3219 629 3280 mittar
642 3217 673 3276 in
684 3218 745 3278 alta
760 3217 818 3276 dei.
1039 3215 1096 3291 [s0,

162 3298 255 3374 ¹Quod
270 3303 418 3379 petimus,
430 3319 533 3380 poena
544 3309 599 3363 est.
620 3300 813 3376 nequeenim
825 3299 917 3360 miser
928 3311 999 3358 esse
1010 3311 1095 3356 reeu-

208 3382 272 3445 Sed
288 3403 414 3462 precor,
429 3393 463 3448 ut
476 3385 595 3464 possim
609 3385 703 3447 tutius
716 3400 787 3446 esse
802 3384 905 3444 miser.
