2454 4004
137 208 201 272 330
510 199 765 261 FASTORUM

221 359 394 434 Appulerat
409 354 496 428 ripae
511 367 623 412 vaccas
640 350 772 413 Oetaeus
789 354 934 412 lliberasa

157 436 209 506 550
265 440 375 513 Audit,
396 443 426 498 et
439 437 480 496 ad
495 451 603 497 vocem
617 437 756 496 concitus
771 444 859 510 urget
871 437 954 498 iter..

219 523 361 586 Herculis
376 521 525 596 adventu,
541 535 621 594 quae
634 520 696 578 vim
711 521 803 580 modo
819 521 899 580 lerre
913 521 1079 594 parabant,

259 607 374 682 Turpia
388 605 538 666 femineae
552 609 639 678 terga
652 604 769 663 dedere
782 605 884 678 rugae.

221 692 311 767 ‘Quid
323 690 402 766 petis
415 689 539 762 hinc,’...
552 696 701 761 cognorat
711 687 822 747 enim...
835 691 1011 748 ‘matertera
1022 686 1165 746 Baccbit

261 777 309 834 An
328 789 440 834 numen
456 772 540 850 quod
555 786 619 844 me,
639 778 669 831 te
685 788 810 847 quoque
823 776 948 832 vexatt'
965 771 1019 831 ait.

157 867 208 920 525
224 861 278 920 Illa
293 860 385 918 docet
399 857 522 933 partim,
544 855 654 929 partim
668 857 844 930 praesentia
857 856 920 914 nati

264 942 418 1013 Continet,
435 947 465 999 et
479 938 565 998 iuriis
585 938 615 996 in
633 940 735 998 scelus
752 940 816 998 isse
830 939 936 1014 pudet.

221 1028 351 1098 Rumor,
372 1033 406 1085 ut
420 1030 468 1084 est
481 1023 588 1094 velox,
607 1022 727 1096 agitatis
743 1025 885 1099 pervolat
899 1023 967 1094 alis,

259 1111 378 1184 Estque
393 1110 554 1182 frequens,
569 1104 639 1180 lno,
657 1123 770 1166 nomen
785 1107 815 1166 ia
833 1122 887 1167 ore
900 1114 995 1166 tuum.

220 1194 352 1268 Hospita
366 1191 532 1252 Carmentis
547 1189 629 1248 lidos
643 1189 776 1251 intrasse
791 1197 919 1265 penales

157 1290 208 1346 sao
264 1277 398 1350 Diceris,
413 1281 444 1334 et
457 1275 580 1347 longam
595 1273 783 1348 deposuisse
798 1275 919 1334 lamam.

219 1361 296 1422 Liba
310 1375 366 1420 sua
381 1365 545 1434 properata
559 1373 652 1417 manu
670 1360 810 1434 Tegeaea
824 1358 973 1419 sacerdos

259 1444 400 1504 Traditur
419 1442 448 1501 in
468 1440 569 1502 subito
586 1448 675 1502 cocta
694 1441 820 1503 dedisse
835 1443 916 1502 loco.

218 1529 306 1588 Nunc
321 1541 444 1602 quoque
458 1525 520 1584 liba
534 1525 638 1585 iuvant
653 1526 739 1586 lestis
754 1525 930 1586 Matralibus
945 1526 1045 1584 illam:

259 1611 387 1671 Rustica
402 1609 550 1670 sedulitas
565 1610 679 1684 gratior
692 1616 759 1670 arte
773 1609 836 1669 fuit.
979 1679 980 1682 Ἴ

154 1701 205 1756 535
220 1695 345 1768 ‘Nunc,’
362 1693 403 1752 ait
417 1697 448 1753 ‘o
463 1699 565 1767 vates,
583 1693 734 1752 venientia
749 1693 811 1753 lata
823 1692 955 1766 resigna,

260 1779 326 1853 Qua
340 1777 419 1836 licet.
448 1775 591 1851 hospitiis
609 1776 685 1851 boc,
701 1792 826 1852 precor,
844 1777 925 1837 adde
938 1775 1042 1834 meis’

218 1861 317 1921 Parva
335 1867 498 1932 moreest,
516 1860 633 1920 caelum
651 1868 739 1922 vates
755 1877 792 1920 ac
806 1861 931 1921 numina
948 1859 1049 1933 sumit,

262 1945 370 2018 Fitque
386 1945 434 2004 sui
448 1950 511 2004 toto
529 1950 653 2018 pectore
669 1944 759 2019 plena
774 1945 833 2003 dei.

218 2029 280 2088 Vix
294 2029 376 2087 illam
392 2027 491 2088 subito
508 2043 620 2102 posses
636 2042 841 2102 cognoscere,
856 2033 940 2087 tanto

153 2125 206 2179 sao
262 2111 404 2172 Sanctior
423 2119 453 2171 et
466 2117 567 2186 tanto,
583 2127 675 2185 quam
690 2112 798 2184 modo,
814 2110 914 2170 maiar
927 2118 1001 2169 erat.

219 2196 326 2255 ‘Laeta
340 2210 459 2254 canam.
487 2195 603 2270 gaude,
624 2195 768 2255 defuncta
781 2193 938 2256 laboribus
953 2194 1008 2254 lna
1018 2199 1036 2249 ι’

258 2278 341 2340 Dixit
356 2281 398 2337 ‘et
412 2278 483 2338 haic
498 2280 614 2353 populo
630 2294 783 2353 prospera
797 2293 920 2353 semper
934 2278 1027 2338 adest

217 2361 334 2422 Numen
349 2361 447 2422 habes
464 2362 575 2436 pelagi.
605 2370 706 2422 natum
728 2377 853 2437 quoque
870 2368 983 2436 pontus
997 2358 1137 2418 babebit.

258 2445 291 2502 In
307 2445 419 2504 vestris
434 2446 516 2504 aliud
532 2446 642 2505 sumite
656 2461 768 2506 namen
788 2446 888 2520 aquis.

148 2533 203 2588 ⁶45
216 2527 392 2588 Leucothea
407 2527 510 2602 Grais,
530 2527 646 2588 Matuta
660 2523 813 2590 vocabere
828 2527 958 2588 nostris:

256 2612 289 2688 ln
306 2616 413 2686 portus
428 2618 499 2672 nato
515 2611 563 2671 ius
580 2613 637 2672 erit
657 2627 747 2672 amne
761 2621 841 2672 tuor

216 2693 311 2768 Quem
326 2711 384 2756 nos
398 2694 580 2771 Portunum,
597 2712 654 2756 saa
668 2697 773 2772 lingua
786 2695 970 2756 Palaemona
986 2692 1081 2753 dicet.

253 2779 313 2852 lte,
331 2794 457 2854 precor,
472 2779 586 2840 nostris
600 2795 720 2854 aequus
735 2787 863 2854 uterque
878 2779 956 2838 locis
965 2781 986 2836 t’

214 2862 384 2942 Annuerat.
415 2864 570 2938 promissa
584 2863 674 2923 fides.
705 2877 840 2939 posuere
854 2862 996 2923 labores=

150 2958 202 3013 550
256 2945 387 3006 Nomina
400 2951 561 3009 mutarunt.
590 2947 641 3007 hic
655 2947 749 3023 deus,
768 2947 821 3006 illa
840 2947 899 3007 dea
913 2952 971 3005 est.

215 3028 275 3088 Cur
288 3035 370 3089 vetet
383 3031 509 3091 ancillas
526 3033 688 3105 accedere,
704 3030 872 3105 quaeritur
901 3029 986 3088 Odita

255 3109 502 3189 Principiumque
518 3115 596 3188 odii,
612 3115 639 3174 si
654 3115 735 3175 sinet
749 3115 814 3190 illa,
831 3129 948 3174 canam.

213 3192 282 3255 Una
295 3195 502 3258 ministrarum
518 3199 608 3258 solita
622 3204 685 3274 est,
701 3198 842 3271 Cadmei,
858 3204 978 3258 tuarum

256 3277 357 3352 Saepe
377 3279 434 3338 sub
449 3282 611 3357 amplexus
626 3282 767 3356 coniugis
782 3281 827 3340 ire
841 3281 895 3342 tui.

143 3367 199 3421 555
213 3359 376 3434 Improbus
391 3359 471 3422 hanc
484 3364 632 3424 Athamas
647 3365 750 3425 lurtim
766 3364 882 3425 dilexit.
912 3361 951 3420 ab
966 3361 1022 3422 illa

259 3443 412 3519 Comperit
431 3445 574 3522 agricolis
595 3448 712 3508 semina
726 3455 809 3510 tosta
824 3447 900 3508 dari.
