2520 4012
449 241 477 312 l,
502 237 537 312 5,
560 241 681 316 36-6,
704 241 755 305 26.

205 393 365 452 Adsuetus
386 391 495 450 studiis
511 391 653 453 moltibus
673 391 742 466 ipse
759 394 811 454 iui.

114 485 149 541 ⁷5
163 474 213 535 Me
232 475 309 536 deus
325 473 494 550 oppressit,
511 474 593 534 nuiio
608 477 687 533 mala
703 485 807 536 nostra
820 478 953 538 levantes

209 555 353 620 Beliatrix
368 559 411 616 iili
426 557 498 626 divo
513 557 628 617 terebat
643 573 742 632 opem.

69 695 79 713 ,
166 643 302 718 Cumque
316 642 415 702 minor
429 641 502 700 Iove
517 642 556 700 sit
570 641 692 701 tumidis
709 643 761 716 qui
776 652 883 718 regnat
897 646 927 704 in
941 645 1041 722 undis,

204 727 291 785 iilum
305 724 452 800 Neptuni,
467 739 515 782 me
530 725 613 784 Iovis
628 725 673 783 ira
688 727 806 799 premit.

166 809 271 884 Adde,
290 809 375 884 quod
389 808 469 868 iilius
485 823 557 882 pars
573 809 704 868 maxima
718 809 789 869 ficta
803 808 939 878 laborum
956 818 1011 888 est,

116 897 152 954 80
207 892 331 952 Ponitur
345 893 376 952 in
391 891 504 951 nostris
520 891 622 950 fabula
636 893 720 952 uuila
734 894 832 954 maiis.

163 973 302 1051 lienique
317 976 474 1050 quaesitos
489 975 584 1048 tetigit
597 981 698 1034 tamen
712 977 762 1036 iile
777 984 913 1053 penates,

209 1059 357 1136 Quaeque
370 1059 423 1120 diu
436 1058 534 1136 petiit,
556 1057 680 1132 contigit
692 1074 767 1120 arva
786 1053 900 1120 tament

164 1143 206 1202 At
219 1142 292 1202 mihi
306 1150 454 1218 perpetuo
473 1141 571 1219 patria
585 1141 692 1202 tellure
712 1144 875 1204 carendum
890 1151 944 1219 est,

207 1227 243 1285 Ni
257 1226 347 1286 fuerit
360 1227 436 1286 laesi
451 1224 571 1288 moiiior
584 1225 629 1282 ire
643 1224 702 1284 dei.

107 1357 148 1458 6.
169 1355 238 1452 Nec
258 1400 373 1455 tantum
388 1393 486 1455 Clario
501 1395 589 1470 Lyde
602 1394 713 1455 dilecta
728 1401 847 1470 poetae,

210 1477 273 1536 Nec
291 1483 407 1538 tantum
422 1477 485 1538 Coo
500 1479 588 1540 Bittis
603 1486 703 1541 amata
718 1493 776 1538 suo
791 1485 847 1552 est

95 1549 106 1576 “
164 1559 341 1621 Pectoribus
357 1567 501 1635 quantum
516 1568 549 1622 tu
561 1563 696 1637 nostris‚.
710 1577 803 1634 uxor,
824 1561 975 1636 inhaereo,

210 1645 307 1720 Digna
324 1644 424 1706 minus
440 1646 568 1718 misero,
586 1661 647 1707 non
659 1647 785 1706 meliore
799 1645 875 1706 viro.

137 1724 209 1788 5Te
226 1743 294 1787 mea·
307 1728 469 1804 supposita
483 1729 576 1789 uoluti
591 1729 676 1789 trabe
691 1729 765 1790 tutta
779 1729 865 1788 ruina
882 1735 945 1790 est:

209 1811 317 1887 Siquid
332 1813 434 1873 adhuc
449 1829 507 1888 ego
522 1830 606 1888 sum,
620 1813 754 1874 muncns
770 1827 860 1872 omne
874 1813 916 1872 tui
931 1819 987 1873 est.

167 1897 211 1956 Tu
226 1896 316 1970 iacis,
332 1903 365 1956 ut
379 1897 511 1972 spoiium
530 1911 593 1958 uon
608 1898 679 1971 sim,
695 1911 751 1956 nec
766 1895 863 1956 nuder
877 1897 915 1956 ab
931 1896 999 1972 illis,

208 1979 363 2054 Naufragii
378 1981 497 2042 tabulas
513 1982 565 2056 qui
581 1981 697 2056 petiere
711 1979 779 2044 mei.

167 2063 271 2138 thue
284 2079 383 2139 rapax
397 2066 569 2125 stimulante
588 2065 669 2124 fame
681 2063 875 2138 cupidusque
890 2063 1007 2124 cruoris

115 2155 151 2210 10
204 2147 424 2210 incustoditum
439 2155 540 2224 captat
556 2149 636 2208 ovile
652 2149 754 2222 lupus,

165 2231 228 2290 Aut
242 2237 275 2291 ut
290 2231 369 2291 edax
384 2233 484 2292 vultur
496 2248 609 2307 eorpus
625 2228 829 2304 circumspicit
843 2229 965 2303 eoquod

209 2313 273 2374 Sub
289 2315 372 2376 nulia
393 2315 526 2391 positum
542 2329 667 2376 cernere
682 2312 782 2390 possit
797 2312 898 2386 humo,

166 2397 217 2458 Sic
231 2413 300 2457 mea
314 2400 419 2460 nescio
436 2400 521 2474 quis,
537 2399 629 2460 rebus
644 2401 723 2458 male
738 2397 818 2458 fidus
834 2395 962 2469 acerbis

205 2481 239 2540 in
253 2481 513 2557 bonaventurae,
530 2484 558 2542 si
572 2489 726 2558 paterere,
748 2480 812 2540 tuit.

116 2573 152 2626 15
166 2565 253 2624 Hunc
268 2571 321 2624 tua
335 2583 392 2641 per
406 2569 501 2627 sortes
516 2567 612 2628 virtus
627 2565 791 2626 summovit
806 2565 930 2636 amicos

205 2649 295 2708 Nuiia
309 2650 421 2725 quibus
439 2650 527 2711 reddi
544 2651 641 2726 gratia
658 2650 750 2723 dignu
769 2655 879 2722 potest.

162 2731 244 2805 Ergo
260 2749 351 2808 quarn
367 2734 495 2806 misero,
513 2741 575 2794 tam
589 2747 663 2792 vero
679 2738 758 2791 teste
772 2729 922 2804 probaris,

206 2813 262 2874 Hic
277 2815 402 2892 aliquod
417 2818 540 2893 pondus
556 2817 582 2877 si
597 2815 689 2876 modo
704 2813 793 2873 testis*
810 2811 910 2872 habet.

165 2897 228 2956 Nec
244 2899 393 2974 probitate
407 2909 459 2962 tue
474 2903 558 2976 prior
575 2907 622 2960 est
636 2906 689 2960 aut
702 2897 841 2958 Hectoris
857 2911 944 2968 uxor,

116 2991 151 3042 20
204 2982 268 3042 Aut
281 2999 386 3046 eomes
402 2986 534 3045 extincto
551 2983 718 3046 Laodamia
730 2982 806 3042 viro.

163 3064 205 3124 Tu
222 3065 249 3129 si
264 3065 439 3131 Maeonium
457 3074 557 3129 vatem
574 3067 683 3129 sortitu
697 3066 820 3136 fuisses,

204 3147 378 3227 Penelopes
394 3158 478 3215 esset
493 3151 574 3212 tama
588 3151 726 3212 secundo
744 3157 828 3210 tuae:

162 3229 236 3290 Sive
250 3234 303 3294 tibi
322 3235 382 3296 hoc
397 3235 509 3311 debes,
524 3237 607 3295 nulla
621 3237 673 3312 pia
688 3236 768 3294 iacta
781 3231 934 3308 magistra,

208 3313 346 3394 Cumque
360 3337 442 3382 nova
459 3335 562 3380 mores
577 3325 648 3381 sunt
663 3317 714 3378 tibi
729 3316 799 3378 tuce
813 3315 885 3387 dati,

115 3405 151 3459 25
166 3398 293 3460 Femina
307 3419 364 3464 seu
379 3405 523 3480 princeps
544 3417 650 3465 omnes
665 3401 718 3462 tibi
734 3403 813 3462 cuita
827 3413 884 3476 per
895 3411 994 3460 annos
1009 3415 1011 3418 ·

164 3491 169 3494 ’
207 3485 255 3560 Te„
265 3484 358 3550 docet
372 3489 547 3564 exemplum
561 3487 699 3562 coniugis
715 3499 787 3552 esse
800 3484 909 3558 bonae,
