2520 4012
159 221 200 288 to
547 189 773 284 rursmuu
851 264 854 268 .

171 381 206 437 25
219 375 453 452 Dicendumque
468 376 564 436 semel
579 381 642 435 toto
658 389 719 434 non
734 376 864 450 amplius
880 392 959 437 aevo

255 460 422 536 Accipere,
443 465 473 520 et
492 459 581 535 parili
596 458 727 518 reddere
741 472 835 536 voce,
850 462 941 520 valet

220 543 262 603 At
276 544 377 604 secere
391 543 442 602 alii
457 544 541 605 nullo
560 543 634 602 mihi
650 542 776 614 foedere
791 543 894 617 iuncti,

260 627 299 686 Et
313 627 455 688 lacrimas
470 627 562 686 animi
577 627 667 700 signa
681 624 797 684 dedere
812 627 870 685 sui.

221 709 315 785 Quid,
331 711 390 771 nisi
406 712 548 771 convictu
566 709 734 783 causisque
748 709 922 772 valentibus
938 727 1040 774 essem

173 799 209 854 3⁰
261 795 420 870 Temporis
437 803 466 854 et
481 794 564 867 longi
579 793 701 852 vinctus
716 805 821 852 amore
836 791 912 854 ubic

128 905 136 915 ι
221 875 314 951 Quid,
335 878 395 937 nisi
411 885 457 938 tot
467 879 553 936 lusus
570 881 601 936 et
614 883 659 936 tot
675 891 745 935 mea
763 877 844 936 seria
859 893 981 954 nessae,

261 962 315 1021 Tot
332 977 457 1020 nossem
471 961 560 1020 lusus
575 959 719 1034 seriaque
733 960 802 1034 ipse
817 968 889 1022 tuat

219 1042 312 1117 Quid,
330 1043 356 1103 si
372 1044 520 1105 duntaxat
533 1043 651 1104 Romae
666 1043 719 1102 tibi
735 1045 876 1118 cognitus
892 1061 1004 1122 essem,
1114 1109 1123 1131 ‚

139 1134 141 1138 ·
260 1126 386 1189 Ascitus
406 1127 564 1206 totiens-in
578 1143 676 1202 genus
692 1141 783 1187 omne
802 1129 884 1188 loci?

105 1221 108 1226 ’
174 1215 207 1271 35
224 1209 377 1271 Cunctane
391 1211 421 1272 in
436 1226 611 1287 aequoreos
626 1209 765 1272 abierunt
779 1211 863 1272 irrita
879 1220 1010 1274 ventosa

265 1294 420 1356 cunctane
434 1295 576 1356 Lethaeis
591 1309 693 1354 merse
710 1294 847 1355 feruntur
866 1297 977 1371 aquise

222 1377 289 1438 Non
308 1394 365 1454 ego
380 1387 410 1440 te
424 1377 548 1454 placida
560 1378 782 1453 genitumreor
795 1378 871 1438 urbe
885 1380 1010 1454 Quirini,
1079 1455 1080 1458 Ἴ

262 1460 360 1537 Urbe,
380 1478 449 1523 mec
466 1477 545 1538 quae
559 1461 618 1520 iam
633 1477 695 1522 non
716 1461 859 1522 adeunda
873 1465 954 1539 pede
968 1471 1024 1537 cst,

227 1545 289 1606 Sed
305 1547 459 1621 seopulis,
478 1546 565 1606 Ponti
582 1561 663 1620 quos
677 1545 755 1605 haec
768 1545 861 1606 habet
875 1563 931 1608 ora
946 1545 1068 1623 sinistri,

176 1636 212 1690 40
267 1630 364 1705 Inque
383 1630 456 1690 seris
473 1629 620 1708 Scythiae
636 1628 876 1706 Sarmaticisque
890 1631 987 1707 iugis:

224 1712 261 1773 Et
277 1720 329 1774 tua
344 1722 415 1775 sunt
429 1714 526 1774 silicis
541 1713 653 1772 circum
669 1714 852 1789 praecordia
865 1730 973 1790 venae,
998 1739 1000 1746 ·

265 1796 303 1857 Et
322 1797 454 1874 rigidum
474 1798 546 1858 ferri
566 1798 683 1856 semina
702 1803 811 1873 pectus
831 1798 939 1859 habet:

223 1879 369 1956 Quaeque
387 1881 441 1942 tibi
462 1881 618 1957 quondam
636 1888 743 1941 tenero
763 1882 905 1943 ducenda
923 1885 1025 1960 palato

264 1963 358 2025 Plena
378 1964 462 2027 dedit
480 1965 580 2025 nutrix
599 1964 709 2038 ubera,
730 1965 816 2040 tigris
836 1973 913 2027 crat:

177 2053 211 2108 45
225 2047 286 2109 Aut
306 2050 385 2108 mala
404 2057 509 2112 nostro
528 2049 628 2110 minus
649 2064 741 2124 quam
760 2065 822 2111 non
843 2051 942 2112 aliena
961 2056 1095 2126 putares,

271 2131 471 2210 Duritiaeque
489 2133 562 2193 mihi
581 2149 642 2194 non
663 2145 790 2207 agerere
808 2149 890 2194 reus.

227 2213 290 2276 Sed
311 2217 455 2292 quoniam
474 2217 594 2277 accedit
612 2217 754 2277 fatalibus
773 2217 834 2278 hoc
854 2233 979 2294 quoque
999 2214 1128 2287 damnis,

260 2299 300 2361 Ut
320 2309 444 2361 careant
462 2299 597 2362 numeris
616 2306 756 2375 tempore
776 2302 874 2376 prima
893 2303 967 2375 suis,

223 2383 336 2458 Effice,
356 2385 475 2458 peccati
495 2401 533 2445 ne
553 2383 611 2445 sim
629 2399 747 2444 memor
765 2384 872 2460 huius,
894 2392 924 2445 et
942 2385 994 2445 illo

179 2475 214 2528 50
271 2466 411 2528 Officium
432 2468 568 2544 laudem,
590 2483 652 2543 quo
674 2483 801 2544 queror,
824 2485 877 2530 ore
898 2477 990 2530 tuum.

167 2595 209 2698 ss.
229 2596 330 2695 Detur
349 2636 532 2698 inoffensarn
551 2637 633 2698 vitae
653 2637 706 2698 tibi
726 2644 852 2712 tangore
870 2638 989 2708 metam,

268 2718 324 2792 Qui
344 2721 422 2795 legis
442 2721 502 2782 hoo
522 2721 612 2782 nobis
633 2739 695 2782 non
715 2721 855 2782 inimicus
877 2733 967 2796 opus.

229 2802 331 2876 Atque
349 2805 463 2864 utinam
482 2822 539 2880 pro
559 2812 589 2866 te
609 2805 730 2882 possint
748 2819 817 2865 mea
836 2809 909 2864 vota
928 2803 1039 2874 valere,

270 2885 353 2958 Quae
373 2903 429 2962 pro
450 2904 498 2949 me
518 2890 613 2950 duros
633 2906 695 2951 non
713 2889 840 2963 tetigere
859 2887 948 2946 deos!

200 2967 336 3030 cDonec
356 2971 417 3029 eris
438 2971 527 3046 felix,
548 2974 661 3034 multos
681 2970 856 3034 numerabis
877 2969 1009 3030 amioum

194 3063 197 3068 ⁴
271 3053 422 3128 Tempora
441 3055 467 3115 si
487 3057 598 3116 fuerint
615 3057 734 3130 nubite,
756 3057 842 3116 solus
862 3055 933 3114 eris.

230 3135 371 3212 Aspicis,
391 3145 424 3198 ut
442 3141 567 3200 veniant
587 3140 625 3201 ad
647 3140 778 3200 candida
797 3146 878 3199 tecta
897 3133 1066 3206 columbae,

273 3220 416 3298 Accipiat
433 3223 532 3284 nullas
552 3224 681 3285 sordida
699 3223 790 3285 turris
811 3227 908 3282 avesa
1102 3290 1108 3305 K

230 3303 348 3364 Horrea
367 3305 512 3367 formicae
530 3309 657 3368 tendunt
676 3309 715 3368 ad
735 3305 837 3366 inania
857 3317 1033 3380 numquam.

190 3395 226 3446 10*
265 3387 384 3468 ¹Nullus
404 3390 444 3450 ad
463 3391 596 3452 amissas
615 3391 668 3451 ibit
683 3391 800 3451 amicus
821 3403 910 3464 opes

220 3471 335 3545 ¹thue
356 3488 459 3535 comes
479 3475 585 3536 radios
605 3491 662 3551 per
681 3475 757 3536 solis
778 3471 920 3535 euntibus
940 3468 1049 3532 umbra
1067 3471 1125 3542 est,
