2454 4004
466 220 508 297 v,
530 218 708 290 aaa-«am
804 263 805 266 κ
1013 219 1090 305 aas

202 375 330 437 Lumina
349 381 419 436 sunt
433 380 556 438 nostros
570 373 643 445 visa
657 373 769 433 decere
783 371 864 432 dies=

97 469 152 523 365
166 461 225 520 Vel
241 459 313 534 quia
331 473 389 520 nec
403 457 465 519 ilos
483 463 530 518 est
546 456 648 524 hebeti
662 471 719 521 uec
734 454 857 517 haume
873 457 985 531 colore,

203 543 306 617 Atque
323 542 431 618 pardos
447 542 477 602 in
493 555 533 602 se
548 541 695 615 splendor
709 545 838 614 uterque
850 539 956 613 trahit:

161 628 220 688 Vel
235 627 307 703 quia
323 625 440 686 deliciis
456 631 604 690 nocturna
619 623 740 685 licentia
753 623 866 684 nostris

206 708 363 770 convenit.
393 725 500 777 avere
520 708 609 770 tertia
623 722 719 770 creusa
733 707 837 766 venit!

132 817 136 823 «
163 792 230 853 ‘Est
243 793 339 852 breve
353 800 528 869 praeterea,
538 792 582 852 ¹de
596 807 657 866 quo
677 789 750 852 mihi
767 803 913 864 quaerere
927 795 1031 864 restat,

96 883 151 938 370
207 875 240 935 Si
253 877 359 936 lioeat'
377 877 449 938 dixi.
478 875 556 940 dixit
568 883 598 935 et
614 874 664 936 illa
681 874 803 934 ‘Lieett’

29 971 32 976 ’
48 1013 54 1028 ,
164 959 235 1018 ‘Cur
246 957 301 1016 tihi
318 975 374 1032 pro
389 959 514 1036 Libycis
529 957 711 1024 caeduntur
727 965 793 1018 rete
811 957 927 1017 leaenis

158 1047 159 1050 ’
204 1040 345 1100 Imbelles
361 1057 492 1115 capreae
506 1041 718 1114 sollicitusque
736 1041 859 1116 lepust’

162 1123 317 1196 Nereidi,
334 1124 510 1198 respondit,
523 1125 621 1185 silvas
637 1125 789 1197 cessisse,
805 1125 863 1184 sed
877 1124 993 1197 hortos,

203 1209 349 1282 Arvaque
367 1207 500 1282 pugnaci
519 1223 581 1272 heu
597 1205 740 1272 aderanda
758 1207 852 1267 ferae.
915 1277 917 1280 ¹

98 1299 151 1355 375
167 1289 274 1351 Omnia
288 1291 417 1350 finierat.
445 1297 553 1350 tenues
569 1290 701 1350 secessit
713 1291 745 1350 in
762 1305 864 1354 auree.

204 1374 316 1436 Mansit
330 1373 417 1433 odor.
446 1389 560 1448 posses
576 1372 655 1434 scira
669 1373 768 1436 luisse
782 1374 881 1435 deam.

163 1457 285 1518 Floreat
298 1463 331 1518 ut
344 1464 408 1520 toto
421 1473 543 1520 cameri
557 1457 689 1521 Nasonis
708 1455 740 1518 in
756 1473 843 1532 aevo,
1030 1525 1033 1534 ,

208 1541 340 1616 Sparge,
357 1555 482 1616 precor,
499 1540 588 1607 donis
603 1546 731 1615 pectora
744 1548 849 1602 nostra
863 1543 933 1608 tuis.

398 1674 428 1735 3.
456 1674 521 1752 [CC
539 1689 688 1734 avoun-
704 1675 774 1752 orn]

164 1793 259 1853 Nocte
273 1792 374 1852 minus
390 1783 497 1864 quarta
516 1798 635 1866 promet
649 1807 706 1853 sua
721 1789 824 1850 sidera
838 1789 948 1850 Chiron

99 1883 154 1938 380
211 1873 341 1936 Semivir
355 1879 385 1933 et
398 1870 472 1940 flavi
487 1890 617 1949 corpore
632 1876 743 1934 mixtus
760 1874 841 1948 equi.

109 1974 113 1980 ’
164 1957 267 2018 Pelion
281 1958 469 2029 Haemoniae
481 1972 570 2018 mons
586 1965 634 2018 est
647 1959 798 2018 obversus
813 1958 845 2016 iu
859 1965 996 2018 austros=

207 2041 332 2102 Summa
345 2042 445 2101 virent
457 2041 546 2117 pinu,
562 2049 664 2102 cetera
681 2057 812 2117 quercus
828 2041 929 2114 habet.

164 2123 348 2201 Phillyrides
362 2125 467 2186 tenuit.
496 2141 574 2188 saxo
590 2133 671 2186 stant
685 2131 771 2186 antra
787 2131 918 2196 vetusto,

209 2209 292 2282 Quae
306 2209 418 2272 iustum
436 2216 605 2271 memorant
618 2209 786 2270 incoluisse
800 2223 915 2268 senam.

100 2299 152 2356 385
168 2294 221 2351 llle
235 2307 343 2351 manus
359 2293 430 2351 olim
445 2292 593 2351 missuras
607 2291 741 2360 Hectora
755 2293 815 2351 leto

209 2375 346 2434 Creditur
359 2375 389 2432 in
405 2375 510 2452 lyricis
526 2375 695 2434 detinuisse
714 2375 825 2434 modis.
931 2370 936 2376 ’

147 2519 148 2523 ,
165 2459 300 2516 Venerat
312 2456 439 2518 Alcides
455 2457 605 2518 exhausta
619 2465 707 2534 parte
716 2457 869 2533 laborum,

136 2563 137 2568 ¹
208 2542 359 2616 iussaque
376 2539 532 2601 restabant
547 2542 652 2604 ultima
666 2557 766 2617 paene
781 2541 858 2602 viro.

168 2624 255 2686 Stare
269 2626 358 2685 simul
374 2639 449 2684 casu
462 2625 570 2686 Troiae
585 2625 646 2686 duo
662 2627 723 2686 lata
737 2625 878 2686 videres:
972 2687 973 2692 γ
1047 2645 1054 2660 ⁴

103 2717 155 2772 390
210 2708 287 2768 Hine
302 2724 379 2784 puer
391 2709 560 2782 Aeacides,
581 2709 651 2772 hinc
665 2711 739 2770 love
754 2715 842 2770 natus
863 2718 936 2772 erat.

166 2792 286 2867 Excipit
301 2793 435 2868 hospitio
452 2792 590 2854 iuvenem
607 2793 778 2869 Philyreius
792 2793 894 2867 heroe,

207 2876 245 2937 Et
261 2891 387 2938 causam
405 2876 558 2956 adventus
571 2877 620 2936 hic
634 2884 736 2952 rogat,
756 2879 807 2936 ille
823 2877 922 2944 docet.

168 2959 316 3034 Perspicit
330 2961 446 3020 interea
459 2961 577 3019 clavam
591 2961 785 3037 spoliumque
799 2961 907 3036 leoniS,

187 3097 194 3102 .
210 3044 351 3119 ‘Vir’que
366 3043 407 3105 ait
420 3042 480 3102 ‘his
495 3045 602 3118 armiS,
618 3061 764 3121 armaque
779 3045 872 3118 digna
886 3045 981 3105 vlrot’

103 3133 155 3188 395
171 3124 233 3202 Nec
248 3143 297 3200 se,
319 3128 392 3202 quin
408 3128 536 3188 horrens
552 3129 699 3190 auderent
714 3136 839 3204 tangere
855 3131 966 3192 saetis.

209 3211 334 3286 Velius,
355 3211 511 3274 Achilleae
527 3215 702 3273 continuere
717 3230 835 3274 manus,

157 3293 308 3369 Dumque
325 3310 420 3359 senex
435 3301 544 3356 tractat
558 3297 729 3370 squalentia
742 3299 803 3358 tela
819 3297 956 3372 venenis,
973 3347 976 3360 .

139 3399 143 3406 ·
209 3377 331 3440 Excidit
347 3386 377 3440 et
393 3380 482 3440 laevo
499 3380 562 3440 fixa
577 3383 686 3456 sagitto
702 3382 781 3456 pede
795 3387 850 3440 esi.

108 3544 113 3553 ⁵
166 3461 316 3604 Ιηςιῖιῖῐίυἰι
330 3463 455 3539 Chiron,
476 3465 628 3540 traxitque
642 3480 803 3542 excerpere
819 3465 946 3530 serruma

126 3559 209 3604 ovio.
274 3591 282 3604 .
854 3555 889 3608 20
