2454 4004
411 209 468 282 u,
490 205 668 270 roa-aio.
713 303 715 306 Ι
994 207 1056 272 ers
1136 159 1141 165 ¹

19 377 23 444 t
120 363 161 424 Al
174 362 266 423 ruber
280 362 438 422 hortorum
453 367 558 420 custos
572 359 790 436 nymphasque
806 360 944 438 deasque

18 495 20 512 ,
164 447 286 522 Captet,
308 453 339 504 et
352 452 489 504 errantes
505 445 625 518 serique
640 444 796 518 refertque
812 444 918 518 pedes.

18 533 20 570 ³
47 537 104 592 335
118 530 239 606 Aspicit
252 535 283 590 et
295 531 432 588 Vestam.
463 528 598 602 dubium,
613 527 822 605 nymphamne
836 529 955 603 putarit,

17 609 19 618 “
162 614 212 673 An
228 613 332 673 scierit
345 613 482 672 Vestam.
512 612 615 673 scisse
629 611 687 671 sed
700 612 771 686 ipse
783 617 883 685 neget.

16 711 18 714 ·
121 695 216 772 Spem
231 697 312 772 capit
326 696 508 770 obscenam,
530 696 694 770 furtimque
709 695 858 756 accedere
877 700 1012 770 temptet,

162 781 200 840 Et
213 781 271 841 lert
284 779 569 855 suspensos-corde
581 779 711 838 micante
724 779 850 853 gradus.

119 863 211 924 Forte
225 879 337 939 senex,
354 881 416 938 quo
432 870 538 926 vectus
554 869 633 939 erat,
650 861 772 924 Silenus
786 862 914 924 asellum

48 955 107 1010 340
164 948 309 1024 Liquerat
324 948 365 1008 ad
379 948 464 1023 ripas
479 949 549 1006 lene
564 947 703 1007 sonantis
718 962 828 1022 aquae.

121 1031 196 1105 lbet,
213 1037 248 1091 ut
260 1031 410 1105 inciperet
423 1031 508 1105 longi
523 1031 601 1090 deus
615 1030 816 1106 Hellesponti,

162 1115 380 1187 Intempestive
400 1130 470 1174 cum
484 1112 567 1174 rudit
579 1114 632 1173 ille
647 1128 736 1174 sono.

120 1197 235 1258 Territa
249 1211 328 1255 voce
341 1198 427 1270 gravi
442 1199 539 1271 surgit
554 1199 622 1256 dea.
653 1198 798 1258 convolat
812 1197 910 1256 omnis

163 1277 272 1339 Turba.
301 1294 358 1355 per
372 1280 499 1340 infestas
516 1279 624 1353 elingit
636 1280 687 1338 ille
702 1295 820 1338 manus.

49 1365 105 1421 345
120 1361 310 1438 Lampsacos
324 1363 385 1422 lroc
400 1364 511 1422 animal
527 1363 618 1423 solita
631 1370 679 1422 est
692 1369 825 1422 mactare
838 1359 967 1437 Priapo=

163 1446 245 1521 Apta
262 1448 341 1508 asini
355 1445 487 1506 flammis
501 1447 612 1506 indicis
628 1453 700 1506 exte
713 1447 832 1506 damus.

122 1531 216 1604 Quem
231 1537 276 1604 tu,
294 1531 380 1605 diva,
396 1545 513 1591 memor
529 1531 566 1590 de
583 1546 663 1606 pane
678 1529 840 1590 monilibus
855 1544 964 1590 ornas:

164 1613 272 1674 Cessat
287 1631 381 1690 opus,
396 1630 515 1676 vacuae
531 1614 706 1675 conticuere
720 1616 830 1674 molae.
866 1683 868 1688 s

119 1697 262 1771 Nomine,
280 1713 372 1773 quem
386 1699 503 1774 pretio,¹
516 1697 697 1759 celebratior
711 1714 782 1758 arce
794 1697 947 1769 Tonantis,

50 1789 109 1843 350
166 1779 288 1855 Dicam,
301 1783 429 1844 Pistoris
445 1783 519 1858 quid
533 1783 605 1842 velit
618 1795 672 1842 ara
686 1782 780 1843 lovis.

123 1864 227 1924 Cincta
240 1866 457 1940 premebantur
470 1865 609 1926 trucibus
625 1866 775 1941 Capitolia
789 1863 899 1924 Gallis:

51 1963 52 1966 ¹
163 1947 290 2012 Fecerat
304 1949 426 2010 obsidio
442 1951 503 2010 iam
518 1951 659 2012 diuturna
674 1952 794 2012 samem.

120 2031 271 2107 luppiter,
291 2034 332 2094 ad
348 2035 459 2097 solium
475 2035 597 2110 superis
611 2035 715 2109 regale
730 2033 857 2106 vocetis,

164 2116 315 2192 ‘Incipet’
339 2120 380 2180 ait
394 2119 492 2178 lllarti.
521 2119 661 2194 protinus
675 2118 726 2179 ille
739 2118 846 2178 refert:

25 2247 29 2254 .
49 2209 105 2263 355
122 2199 258 2260 ‘Scilicet
272 2200 409 2278 ignotum
423 2209 484 2277 est,
508 2218 588 2278 quae
602 2203 644 2262 sit
658 2203 779 2262 fortuna
792 2215 939 2274 meorum,

161 2283 199 2343 Et
214 2284 303 2345 dolor
316 2285 366 2344 hic
380 2286 473 2346 animi
489 2301 568 2346 voce
582 2287 738 2361 querentis
753 2291 830 2360 eget.

121 2367 154 2426 Si
167 2373 283 2443 tamen,
298 2376 331 2428 ut
343 2371 475 2430 referam
489 2369 623 2430 breviter
636 2372 717 2430 mala
729 2370 834 2429 iuncta
847 2367 968 2443 pudori,

160 2449 281 2525 Exigisr
303 2452 417 2526 Alpino
431 2454 530 2514 Roma
545 2455 604 2514 sub
618 2453 708 2514 hoste
721 2455 810 2514 iacet.

120 2533 203 2594 llaec
218 2541 276 2607 est,
298 2535 347 2598 cui
361 2536 459 2598 luerat
473 2537 628 2612 promissa
642 2537 779 2612 potentia
792 2551 902 2610 rerum,

52 2627 108 2682 360
162 2617 320 2692 luppitert
337 2619 418 2680 banc
433 2621 521 2680 terris
535 2619 734 2695 impositurus
749 2625 843 2680 erest

121 2701 245 2775 lamque
260 2702 454 2764 suburbanos
466 2704 658 2779 Etruscaque
675 2703 813 2766 contudit
826 2717 922 2768 arma..

163 2783 243 2859 Spes
258 2792 324 2846 crat
337 2787 368 2848 in
383 2803 484 2850 cursu.
513 2789 672 2848 nunciare
687 2788 779 2862 pulsa
793 2801 850 2848 suo
864 2793 921 2848 est.

121 2867 262 2928 Vidimus
278 2877 403 2932 ornatos
419 2877 543 2932 servata
558 2887 614 2947 per
629 2872 705 2932 atria
719 2872 802 2947 picta

162 2949 258 3015 Veste
272 2953 472 3030 triumphales
491 2956 677 3018 occubuisse
691 2971 795 3018 senes.

55 3047 106 3103 365
120 3035 261 3096 Vidimus
274 3037 386 3100 Iliacae
399 3040 556 3102 transferri
570 3040 702 3115 pignora
717 3041 833 3102 Vestae

162 3117 254 3179 Sede.
281 3120 390 3183 Putant
403 3124 525 3199 aliquos
540 3122 657 3186 scilieet
671 3139 743 3184 esse
762 3123 849 3184 deos.

118 3203 159 3262 At
173 3203 200 3263 si
214 3205 416 3282 respicerent,
436 3225 500 3284 qua
513 3224 570 3268 vos
584 3208 728 3269 habitatis
743 3208 773 3268 in
789 3222 870 3280 arce,

160 3285 279 3362 Totque
294 3290 404 3352 domos
421 3298 541 3354 vestras
556 3291 719 3354 obsidione
734 3290 839 3367 premi,¹

66 3393 69 3398 ¹
119 3369 166 3428 Nil
182 3373 251 3447 opis
266 3373 298 3434 in
312 3389 386 3434 curu
401 3375 515 3436 scirent
529 3389 696 3450 superesse
710 3375 848 3447 deorum,

4 3477 6 3484 c
50 3459 103 3516 370
159 3451 199 3514 Et
213 3455 285 3516 data
300 3457 432 3520 sollicite
444 3465 514 3520 tura
531 3459 633 3535 perire
646 3474 747 3521 manu.
