2454 4004
338 230 340 236 '
455 223 509 298 111,
532 221 708 288 lsi-sss·
965 311 970 326 l
1025 221 1089 291 267

158 378 220 438 Nec
236 377 399 452 quisquam
414 375 508 438 invita
522 373 613 434 laniet
626 373 705 434 bene
719 360 841 436 vincula
855 377 977 454 plantae

197 459 337 529 Pallade,
363 457 402 518 sit
415 457 531 534 Tychio
547 457 672 524 (lectior⁴
679 457 729 516 ille
743 460 822 520 licet.

88 551 141 608 8²⁵
158 543 195 604 El
208 543 279 603 licet
294 540 418 614 antiquo
434 539 574 600 manibus
590 541 728 600 conlatus
743 541 829 618 Epeo

198 625 243 687 sn
256 625 355 702 prior,
375 624 453 683 irata
465 622 590 682 Pallade
603 630 729 683 mancus
745 625 810 684 erit.

37 765 41 770 .
156 710 224 771 Vos
240 722 377 786 quoque,
399 705 542 766 Phoebea
555 706 680 766 morbos
697 707 748 782 qui
763 707 874 782 pellitis
889 716 962 782 arte,

156 807 157 814 ¹
198 793 325 854 Munera
342 791 380 849 de
394 789 506 849 vestris
521 805 619 863 pauca
633 791 742 850 reierle
758 791 844 850 deae.

157 877 222 937 Nec
237 891 308 946 vos,
330 872 417 933 turbe
432 873 496 932 lere
511 887 605 932 censu
620 873 772 948 scaudala,
793 873 937 950 magistri,
1043 911 1084 924 -

86 965 160 1022 830
193 956 343 1034 Spernite.
373 953 601 1030 discipulost
558 961 588 1014 ai
589 956 678 1016 trahit
692 955 743 1017 illa
757 972 866 1023 novos.

159 1041 276 1124 Quique
289 1053 397 1100 moves
417 1039 543 1110 caelum,
559 1038 755 1114 tabulamque
770 1041 924 1103 coloribus
939 1041 1035 1118 uris,

199 1124 317 1199 Quique
332 1123 408 1182 lacis
423 1118 515 1182 doctu
528 1120 631 1181 mollia
647 1139 723 1182 saxa
737 1139 838 1184 manu.

158 1207 239 1286 Mille
254 1207 373 1266 deal
326 1213 373 1266 est
386 1220 525 1279 operum.
556 1210 637 1264 cerie
652 1205 711 1264 dea
725 1205 866 1266 carminis
881 1208 932 1266 illa
947 1213 1003 1267 esi.

201 1289 233 1352 Si
248 1305 376 1362 mereor,
399 1288 508 1348 studiis
523 1288 603 1348 adsit
618 1289 716 1348 amica
730 1291 816 1348 meis

88 1381 142 1438 835
157 1372 274 1434 Caelius
289 1389 328 1432 ex
343 1373 404 1432 alto
420 1387 481 1446 qua
495 1386 583 1430 mons
599 1371 779 1431 descendit
771 1389 802 1430 m
811 1387 955 1447 aequum,

199 1457 255 1516 Hic
268 1455 319 1516 ubi
334 1472 395 1515 non
409 1455 502 1529 plana
516 1460 571 1526 est,
588 1453 645 1514 sed
661 1469 758 1529 prope
773 1456 865 1529 plana
877 1455 937 1530 ΙΙΙ,

156 1540 254 1600 Parva
268 1539 339 1598 lieet
351 1538 460 1597 videas
477 1537 590 1613 Captae
613 1537 739 1597 delubra
753 1537 919 1613 Minervae,

148 1622 282 1697 Quae
295 1622 355 1682 dea
369 1628 420 1680 nat
408 1621 460 1680 tali
477 1621 579 1696 coepit
592 1620 705 1680 habere
720 1637 787 1682 suo

156 1705 314 1768 Nominis
307 1721 337 1763 m
353 1704 446 1764 dubio
463 1711 640 1765 causaest.
657 1705 790 1778 Capitale
804 1720 952 1765 vocamus

90 1797 144 1852 840
198 1789 353 1862 Ingenium
369 1787 488 1847 sollers.
518 1787 677 1862 ingeniosa
692 1787 750 1846 deu
766 1794 821 1848 est.

156 1874 205 1932 An
223 1873 294 1946 quia
309 1871 347 1930 de
362 1871 470 1945 capitis
486 1871 580 1930 lemur
595 1871 661 1930 sine
676 1877 770 1928 matre
784 1869 901 1945 paterni

152 1961 155 1965 “
200 1956 324 2014 vertice
338 1967 406 2014 cunr
421 1955 522 2029 clipeo
536 1953 717 2028 prosiluisse
732 1959 808 2013 suot

156 2039 205 2100 An
223 2039 295 2113 quia
308 2037 485 2112 perdomitis
501 2037 540 2096 ad
554 2052 612 2096 nos
627 2035 748 2111 captiva
761 2036 889 2096 Faliscis

197 2121 308 2180 Veuiil
329 2126 358 2179 et
371 2120 431 2179 hoc
445 2121 545 2197 ipsum
559 2120 657 2180 littera
670 2120 773 2195 prisca
787 2121 887 2181 docel.

91 2211 143 2266 845
157 2206 206 2264 An
223 2203 307 2278 quod
321 2202 412 2262 habet
426 2204 538 2278 legem,
560 2204 667 2279 capitis
683 2217 763 2278 quae
777 2203 913 2277 pendere
928 2216 1045 2276 poenas
1063 2261 1065 2263 ,

199 2287 245 2346 Ex
261 2287 311 2345 illo
326 2285 428 2346 iubeat
442 2287 520 2346 furta
533 2294 653 2360 reperta
669 2287 759 2346 loeo?

159 2372 188 2430 A
203 2384 394 2444 quacumque
407 2368 501 2429 trahis
516 2369 632 2429 ratione
647 2368 810 2442 vocabula,
831 2365 941 2441 Pallas,

199 2451 259 2512 Pro
274 2451 403 2512 ducibus
418 2453 530 2512 nostris
545 2452 656 2526 aegida
670 2466 792 2525 semper
805 2450 900 2511 habe!
922 2467 926 2476 ·

418 2583 470 2646 ΙΙ.
495 2584 520 2642 n
541 2561 744 2666 rvnrnlnr

161 2695 285 2758 Summa
299 2699 366 2758 dies
382 2714 400 2757 e
415 2699 549 2774 qunque
562 2699 650 2758 lubus
665 2699 795 2758 lustrare
810 2711 939 2758 canoras

94 2787 149 2844 850
202 2781 369 2855 Admonet,
389 2788 420 2842 et
433 2782 503 2841 iorli
518 2781 692 2842 sacrificare
706 2782 793 2840 deae.
895 2801 899 2808 ’

159 2863 347 2940 Nuncpotes
362 2864 402 2926 ad
417 2866 514 2924 solem
529 2864 648 2926 sublato
665 2864 768 2925 dicere
782 2863 873 2935 voltu,

118 2951 120 2954 ’
199 2947 268 3006 ἯΙΙ
281 2947 355 3007 here
368 2948 515 3008 Phrixeae
529 2949 645 3008 vellera
658 2946 772 3022 pressit
788 2947 881 3007 ovis.²

155 3027 332 3106 ,Seminibus
347 3031 438 3092 tostis
452 3032 621 3092 sceleratae
635 3030 743 3091 fraude
757 3043 912 3091 novercae

199 3111 370 3175 Sustulerat
384 3115 482 3174 nullas
497 3121 530 3175 ut
543 3116 631 3187 solet,
652 3113 748 3174 herba
762 3128 877 3173 comas.

90 3201 144 3256 865
157 3194 282 3256 Mittitur
295 3197 335 3256 ad
350 3197 504 3272 iripodas,
527 3204 611 3257 certa
626 3213 678 3270 qul
692 3203 775 3256 sorte
789 3199 934 3270 reportet,

201 3277 297 3352 Quam
311 3281 405 3340 sterili
418 3288 518 3342 terrae
530 3279 697 3355 Delphicus
713 3280 784 3341 edat
799 3293 900 3353 opem.

158 3357 214 3434 llic
230 3378 355 3444 quoque
370 3369 529 3438 corruptus
545 3379 613 3422 cum
628 3363 758 3440 semine,
774 3361 891 3422 nuntiat
903 3359 1006 3418 Helles
1071 3408 1087 3429 ,
1142 3381 1144 3386 ·

198 3444 237 3505 ΕΙ
251 3445 371 3505 iuvenis
393 3445 494 3505 Phrixi
508 3447 616 3506 lunera
631 3453 713 3507 sorte
727 3445 799 3520 poti.
