2524 4004
497 235 525 309 l,
545 233 723 313 622-690·
1044 237 1106 304 219

101 395 155 450 666
171 386 279 466 Sidere
293 384 332 445 ab
349 384 410 446 boe
425 385 504 462 ignis
519 384 651 446 venienti
666 389 756 446 nocte
772 385 885 447 Leonis
913 437 915 441 .
986 440 992 452 ,

216 469 271 546 Qui
291 468 383 528 micat
397 467 427 528 in
442 469 543 530 medio
559 474 694 542 pectore,
715 484 836 530 mersus
850 471 916 530 erit.

254 657 262 669 ,
356 599 408 664 24.
437 599 495 662 Hc
535 585 670 660 256110
706 596 835 661 26.BC

172 717 229 778 Ter
244 723 351 791 quater
365 715 467 776 evolvi
482 715 638 791 signantes
654 722 794 792 tempora
808 718 915 794 iustos

214 799 277 859 Nec
294 799 469 860 Sementino
483 806 531 860 est
545 799 608 860 uile
621 806 743 875 reperto
757 801 842 862 diest

176 882 250 944 Cum
264 883 366 943 mihi...
383 882 480 943 sensit
494 883 604 942 enim...
620 883 699 945 ‘Lux
713 884 791 944 hoec
805 886 968 963 indicitur,'
988 889 1086 966 inquit

103 973 158 1029 666
212 966 304 1026 Musa
318 966 405 1042 ‘quid
420 984 439 1026 6
454 967 543 1027 fastis
559 983 621 1027 non
637 973 716 1026 state
729 982 819 1028 sacre
833 971 954 1044 petist’

175 1051 277 1124 thue
292 1050 358 1110 dies
368 1050 490 1110 incerte
506 1065 610 1120 sacro,
627 1050 672 1111 sio
685 1057 825 1126 tempore
840 1061 948 1128 certo,¹

217 1132 392 1194 Seminibus
407 1133 495 1194 iactis
511 1140 558 1193 est
572 1133 623 1193 ubi
637 1135 739 1196 foetus
755 1149 837 1208 eger.
914 1164 916 1169 ·

175 1205 259 1277 Stot‘e
274 1217 410 1278 coronati
424 1217 551 1292 plenum
565 1216 605 1276 ad
619 1231 772 1292 praesepe
785 1219 921 1280 iuvenem

218 1299 290 1359 Cum
303 1302 560 1376 tepido‘vestrum
575 1315 648 1359 vere
662 1298 773 1359 redibit
787 1317 877 1376 opus.
938 1349 945 1363 ,

102 1389 156 1445 666
171 1381 314 1444 Rusticus
329 1383 485 1444 emeritum
500 1381 572 1459 palo
588 1383 759 1458 suspendet
772 1390 903 1444 aratrum

223 1465 318 1528 Omne
333 1467 513 1528 reformidet
526 1467 637 1541 frigide
651 1467 763 1526 volnus
777 1465 899 1528 humus.

175 1550 288 1626 Vilice,
312 1552 351 1611 do
365 1551 502 1627 requiem
516 1558 631 1625 terme,
652 1557 788 1610 semente
802 1557 940 1625 peracte:

215 1633 261 1694 Da
280 1637 418 1711 requiem
435 1641 547 1694 terrum
562 1634 614 1708 qui
629 1634 764 1707 coluere,
787 1634 870 1695 viris.

174 1714 275 1791 Pagus
290 1724 362 1794 agot
380 1719 500 1778 testum.
535 1733 649 1792 pagum
664 1719 804 1791 lustrate,
827 1717 937 1790 coloni,

103 1805 158 1862 676
212 1800 251 1860 Et
265 1802 335 1862 date
350 1803 482 1878 paganis.
494 1817 598 1862 annue
612 1801 674 1861 libo
688 1800 776 1860 iocis.
944 1839 945 1846 ,

174 1881 332 1946 Placentur
351 1886 471 1960 frugum
487 1891 608 1958 matres,
629 1882 962 1958 Tellusqueceresque
1064 1940 1065 1944 ,

203 1965 380 2030 *Ferre-suo
397 1969 543 2044 gravidae
564 1967 799 2040 visceribusque
814 1966 888 2028 suis.
907 2025 908 2030 ,

142 2127 143 2130 ¹
175 2049 315 2111 Officium
335 2057 494 2112 commune
510 2051 602 2112 Ceres
618 2056 647 2110 et
660 2053 753 2111 Terra
766 2056 900 2110 tuentur:

213 2133 298 2216 Haec
313 2135 439 2209 praebet
454 2150 578 2194 causam
594 2133 746 2209 frugibus,
762 2133 815 2193 1116
827 2134 938 2192 iocum.

104 2221 157 2279 676
173 2211 337 2278 consortes
345 2217 463 2293 operis,
482 2235 539 2293 per
554 2233 630 2292 quas
655 2223 791 2278 correcte
804 2223 950 2291 vetustus,

218 2300 400 2376 Quemaque
417 2301 504 2376 glans
519 2303 601 2362 victe
616 2308 670 2362 est
682 2301 802 2360 utiliore
817 2300 902 2360 cibo:

174 2382 323 2458 Frugibus
343 2385 500 2445 immensis
515 2385 624 2446 avidos
640 2385 747 2445 satiate
762 2384 902 2456 coionoS,
964 2411 967 2418 «

214 2467 254 2527 Ut
269 2469 392 2542 capient
405 2469 504 2530 cuitus
519 2469 655 2544 praemia
669 2469 760 2542 digna
774 2468 831 2526 sui.

175 2549 242 2610 Vos
259 2550 330 2612 dete
344 2552 642 2632 perpetuosteneris
658 2549 845 2612 sementibus
862 2554 979 2621 auctus,

93 2639 158 2701 686
212 2633 275 2694 Ν66
289 2650 372 2694 nova
385 2651 442 2710 per
455 2636 573 2711 gelidas
587 2635 685 2712 herba
698 2635 738 2694 sit
752 2641 822 2706 uste
835 2633 932 2692 nives.

177 2715 250 2778 Cum
265 2719 410 2792 serimus,
427 2719 658 2792 caelumventis
674 2717 790 2792 aperite
802 2716 939 2775 serenis:

218 2799 291 2860 cum
306 2802 393 2878 latet,
409 2803 554 2864 aetherea
568 2801 704 2876 spargite
718 2815 823 2860 semen
838 2815 930 2873 aquo.

176 2883 260 2944 Neve
273 2901 386 2960 graves
403 2887 491 2948 cultis
508 2885 635 2946 Cerialia
650 2885 746 2955 done,
767 2888 883 2955 cavete,

209 2967 347 3042 'Agmine
361 2971 485 3031 laesuro
502 2969 727 3044 depopulentur
742 2979 827 3026 eves.
883 3017 884 3022 ,

104 3054 158 3111 686
172 3049 239 3110 Vos
255 3055 390 3128 quoque,
409 3053 571 3125 formicae,
594 3049 740 3114 subiectis
754 3047 869 3124 percite
883 3046 1003 3122 3666166

217 3132 290 3194 Post
303 3148 436 3196 messem
452 3136 588 3211 praedae
608 3135 698 3210 copie
711 3132 808 3193 maior
821 3132 887 3191 erit.

135 3249 138 3256 .
176 3217 296 3278 intereo
310 3225 429 3280 crescet
444 3219 572 3280 scnbree
586 3217 734 3294 robiginis
749 3229 871 3292 expers,

216 3300 281 3360 Nec
295 3303 368 3362 vitio
385 3303 462 3364 coeli
477 3303 590 3376 paiieet
603 3315 700 3376 aegre.
710 3315 812 3374 seges.

178 3381 217 3442 ut
231 3399 333 3458 neque
348 3386 471 3448 deficiat
483 3385 595 3455 macie,
618 3399 721 3458 neque
735 3381 878 3458 pinguior
891 3394 992 3454 aequo

109 3469 164 3527 690
216 3466 336 3530 Divitiis
355 3475 463 3544 pereat
475 3467 637 3532 luxuriose
651 3466 726 3530 suis.
