2524 4004
463 227 504 301 ll,
528 224 706 290 olo-nte.
1038 231 1102 296 eal

166 381 308 442 Protinus
324 395 343 438 a
356 378 461 452 nobis,
477 395 557 455 quae
572 380 611 438 sit
626 379 685 438 dea
698 379 797 452 Muta,
813 381 963 456 requires.

207 463 315 537 Disce,
330 463 544 538 perantiquae
560 461 725 536 quaemihi
741 471 814 523 nota
825 479 930 524 senes.

101 555 153 614 1181
166 547 321 624 luppiter,
336 547 483 606 indomito
499 548 640 604 Iuturnae
655 551 767 620 eaptus
780 549 898 620 amore,

207 632 303 692 Multo
317 629 383 690 tulit
395 635 478 689 tanto
495 645 555 688 nan
570 628 715 703 patienda
730 629 800 687 deo.

165 716 221 774 Illa
234 713 329 774 modo
345 713 374 772 in
391 713 478 774 silvis
493 714 571 772 inter
585 713 723 790 coryleta
744 712 863 788 latebat,

161 797 338 858 Nonam
349 803 499 872 cognatas
512 795 673 856 desiliebat
688 809 795 872 aquas.
842 816 844 818 ·

168 881 324 942 Convocat
337 880 387 940 hio
401 880 573 958 nymphae,
589 880 707 940 Latium
722 885 933 958 quaeeunque
946 884 1098 964 tenebant,

101 970 155 1025 590
208 965 246 1024 Et
260 965 331 1024 iacit
343 965 374 1024 in
387 965 490 1024 medio
504 964 578 1024 talia
592 963 686 1025 verba
701 963 811 1024 ohoro=

168 1048 321 1108 ‘Invidet
313 1065 383 1124 ipsa
397 1049 471 1123 sibi,
490 1049 640 1143 vitatque,
655 1048 740 1122 quod
755 1051 882 1126 expedit
895 1051 946 1126 illi,

207 1133 320 1192 Vestra
335 1149 441 1206 soror,
457 1147 577 1193 suntmo
594 1131 720 1205 iungere
734 1132 870 1194 membra
884 1135 956 1194 deo

169 1215 324 1276 Consulite
339 1215 506 1277 ambobus!
534 1229 605 1276 nam
620 1229 700 1288 quae
713 1229 783 1274 mea
798 1233 910 1292 magna
923 1220 1076 1317 voluptas,

205 1299 289 1358 Utilit
277 1307 325 1360 tas
340 1308 462 1362 vestrae
478 1301 575 1375 primu
589 1299 706 1359 sororis
721 1298 787 1357 erit.

102 1392 154 1446 595
169 1384 235 1443 Vos
251 1383 337 1442 illim
359 1385 454 1458 prima
470 1382 597 1458 fugienti
613 1382 751 1442 obsistite
764 1383 841 1457 ripa,

206 1467 251 1526 Ne
266 1483 323 1526 sua
338 1466 483 1527 fluminea
498 1481 631 1542 corpora
644 1474 760 1540 mergat
774 1469 877 1542 aqua!

169 1550 299 1610 Dixerat.
327 1551 499 1611 adnuerant
513 1566 619 1612 omnes
634 1550 822 1612 Tiberinides
837 1551 927 1625 udae,

208 1633 353 1708 Quaeque
368 1635 472 1702 uolunt
485 1636 651 1708 tholomeo,
666 1634 721 1693 111ι
735 1634 821 1709 diva,
836 1641 917 1694 tuos·
962 1697 963 1700 ,

165 1717 254 1778 Forte
269 1719 325 1778 11111
341 1719 424 1792 nais,
439 1719 518 1778 Lara
532 1718 664 1778 nomine.
694 1719 791 1792 prima
804 1718 862 1778 sed
875 1719 919 1777 1111

102 1813 154 1867 600
210 1801 298 1862 Dicta
309 1800 358 1861 bis
374 1803 530 1877 antiquum
545 1803 666 1878 syllaba
679 1817 790 1862 nomen
805 1809 878 1874 erat,

151 1884 213 1962 ¹lix
227 1885 300 1944 vitio
316 1886 458 1960 positum.
489 1885 590 1960 Saepe
604 1886 646 1945 illl
663 1885 782 1946 dixerat
795 1885 885 1946 Almo

204 1967 307 2042 ‘Nata
322 1975 397 2031 tene
407 1969 568 2042 linguam,’
585 1983 641 2029 neo
656 1975 757 2027 tamen
772 1969 824 2027 111ι
837 1976 929 2030 tenet.

166 2051 251 2125 Quae
266 2053 355 2112 simul
371 2068 407 2112 ae
422 2053 517 2128 tetigit
530 2052 673 2118 Iuturnae
688 2059 796 2126 stagna
811 2055 936 2128 sororis,

208 2135 340 2210 ‘Effuge’
355 2137 397 2195 ait
412 2137 537 2210 ‘nipast’
554 2135 635 2196 diota
648 2137 805 2211 refertque
819 2137 911 2196 lovis.

103 2226 156 2282 605
169 2219 224 2277 llla
238 2219 328 2279 etiam
341 2220 488 2280 lunonem
502 2219 577 2279 adin
582 2219 810 2294 ,miserataque
824 2229 943 2298 nuptae,
992 2253 994 2256 ·

207 2301 315 2362 ‘Naida
329 2303 376 2363 Iut
364 2310 484 2364 turham
499 2303 545 2362 vir
558 2307 641 2364 tuus'
657 2303 754 2378 inquit
768 2307 882 2363 ‘amat’

164 2385 321 2462 Iuppiter
313 2403 344 2446 ιι
344 2388 464 2461 tumuit,
485 2405 609 2463 quaque
622 2396 670 2449 est
684 2403 745 2448 non
759 2403 817 2448 usa
830 2389 978 2462 modeste,
1065 2442 1070 2476 ,
1084 2420 1086 2426 .

203 2469 484 2546 Eripuitlinguam,
500 2473 859 2546 Mercuriumquevoeat
1045 2511 1085 2551 Α

166 2551 244 2613 ‘Duo
258 2554 337 2614 hano
351 2556 391 2615 ad
408 2570 524 2620 manes·
554 2557 641 2615 loous
660 2557 711 2615 ille
726 2556 884 2616 silentibus
899 2562 999 2630 aptus.

100 2649 153 2706 ⁶10
207 2636 363 2714 Nympha,
379 2639 436 2699 sed
450 2641 587 2700 internae
602 2639 738 2719 nympha
754 2639 874 2713 paludis
894 2641 971 2698 erit!

165 2721 256 2780 Iussa
270 2721 352 2783 lovis
367 2723 451 2784 fiunt.
481 2727 599 2801 aceepit
613 2728 699 2784 luteus
715 2729 832 2783 euntes.

204 2804 320 2866 Dicitur
334 2807 385 2866 111ι
404 2809 474 2870 duni
488 2816 559 2869 tuno
575 2808 730 2884 placuisse
745 2806 813 2868 deo.
837 2827 839 2831 ·

164 2887 234 2946 Vim
248 2897 336 2964 parat
349 2889 414 2964 hio,
430 2893 513 2952 voltu
529 2908 585 2968 pro
599 2893 703 2952 verbis
718 2892 769 2950 illa
785 2898 934 2966 pretatur,

205 2971 242 3031 Et
256 2974 370 3034 trustra
383 2981 465 3036 muto
481 2976 583 3038 nititur
598 2992 651 3037 ore
665 2975 761 3048 loqui.

100 3060 152 3118 615
166 3052 275 3130 Fitque
289 3058 408 3132 gravis,
423 3059 625 3135 geminosque
640 3059 732 3135 parit,
756 3056 807 3132 qui
822 3058 956 3133 compita
969 3066 1093 3121 servant
1144 3109 1152 3120 ,

206 3139 243 3198 111
256 3141 383 3229 vigilant
400 3151 507 3204 nostra
520 3157 644 3220 semper
657 3145 687 3203 in
701 3141 791 3214 urbe,
807 3143 911 3204 Lares.
935 3177 938 3180 -

520 3277 571 3342 22.
592 3276 651 3344 EC.
717 3324 719 3328 -

163 3381 307 3454 Proxima
321 3395 442 3472 cognati
457 3397 705 3458 dixereoaristia
719 3398 790 3472 cari,
1042 3465 1045 3482 ,
1092 3433 1102 3468 a

137 3481 139 3484 ’
205 3476 243 3538 Et
257 3479 346 3540 venit·
355 3477 401 3541 1111-
410 3481 514 3542 somus
528 3481 621 3542 turba
629 3483 804 3558 propinqua
818 3481 906 3540 deos.
967 3543 969 3548 ,
984 3477 997 3560 j
