2454 4004
433 225 485 311 ru,
509 169 695 290 rau-sm
763 169 767 175 ⁸
954 207 956 212 ’
1003 219 1104 296 291-

136 376 350 456 Mutantesque
366 371 591 454 domurnteetis
607 377 779 453 agrestibus
794 379 893 456 ignem
924 420 927 425 -

65 491 68 498 ·
178 459 216 520 Et
230 465 407 522 cessaturae
422 460 627 537 supposuisse
643 477 744 534 casae,
777 474 779 479 ’

61 555 122 612 805
135 543 194 604 Per
208 543 348 604 flammas
363 541 497 606 saluisse
509 557 621 620 pecus,
638 545 770 605 saluisse
785 546 935 604 colonost

180 627 270 700 Quod
283 625 318 686 fit
332 626 423 686 natali
437 642 517 700 nuno
533 641 672 702 quoque,
687 627 799 701 Roma,
814 632 879 687 tuo.
899 665 900 669 =

137 711 208 786 Ipse
223 711 310 770 loeus
326 725 437 770 causas
456 709 516 769 vati
530 709 613 769 tacit
638 709 730 771 Urbis
746 711 832 789 origo

79 825 81 830 ·
178 794 279 854 Venit.
308 793 385 854 adas
400 793 503 868 saetis,
519 793 779 868 magneQuirine,
797 794 873 854 tuist

138 879 202 936 Iam
216 878 314 936 luerat
333 891 451 952 poenes
472 878 564 936 irater
577 875 757 950 Numitoris,
773 884 802 936 et
817 893 909 939 omne

64 969 127 1024 810
180 960 340 1020 Pastorum
356 961 477 1034 gemino
492 959 549 1020 sub
566 960 643 1020 duee
657 962 768 1036 volgus
783 967 857 1020 erat.
881 986 883 989 ·

139 1041 322 1102 contrahere
338 1049 476 1116 agrestes
491 1050 522 1103 et
536 1045 657 1102 moenio
671 1059 787 1119 ponere
801 1044 919 1119 utrique

181 1123 337 1184 Convenit.
366 1125 542 1200 ambigitur,
558 1127 679 1186 moenia
693 1135 788 1201 ponat
801 1134 877 1186 uter.

138 1208 198 1268 ‘Nil
212 1223 292 1286 opus
308 1213 367 1267 est’
383 1209 459 1268 dixit
473 1209 661 1267 ‘certamine’
676 1211 824 1269 Romulus
840 1209 930 1268 ‘ullor

179 1291 290 1366 Magna
304 1291 383 1352 tides
399 1293 499 1352 avium
514 1298 570 1352 est.
599 1293 791 1367 experiamur
805 1296 902 1350 aves!

67 1379 124 1436 815
139 1375 202 1436 Res
218 1377 326 1450 plaeet.
356 1377 436 1456 alter
446 1375 510 1434 adit
524 1375 677 1435 nemorosi
695 1391 772 1435 saxa
784 1375 893 1434 Putatis

179 1459 267 1520 Alter
279 1459 462 1526 Aventinum
476 1474 565 1518 mane
580 1473 725 1518 eaoumen
741 1458 804 1518 init.

137 1541 201 1602 Sex
213 1543 343 1616 Remus,
359 1542 409 1603 hie
423 1543 568 1622 uolucres
585 1540 635 1601 bis
656 1557 711 1602 sex
732 1543 815 1602 videt
829 1541 946 1602 ordine.
975 1549 1065 1618 paeto

182 1624 297 1700 Stator,
313 1633 343 1685 et
357 1625 515 1702 arbitrium
525 1625 673 1686 Romulus
688 1625 773 1686 urbis
788 1625 888 1684 habet.

108 1710 111 1714 ’
134 1709 219 1785 Apta
235 1708 302 1775 dies
316 1709 440 1783 tegitur,
457 1725 519 1783 qua
532 1709 655 1770 moenia
670 1709 895 1784 signet-aratro.

66 1803 124 1856 820
186 1789 281 1852 Sacra
294 1791 375 1852 Palis
391 1792 544 1854 suberant.
574 1792 645 1852 inde
659 1800 798 1852 movetur
814 1807 903 1866 opus.

133 1875 236 1938 Fossa
250 1875 283 1934 fit
298 1875 337 1934 ad
353 1875 495 1936 solidum.
530 1877 634 1950 rugus
649 1876 797 1936 iaciuntur
811 1875 840 1934 in
855 1875 925 1949 ima,

180 1959 218 2017 Et
230 1959 270 2018 de
286 1958 388 2022 vicino
403 1965 483 2018 terra
499 1960 592 2034 petita
610 1960 689 2020 solo.

133 2043 236 2104 Fossa
250 2043 383 2116 repletur
396 2042 504 2115 humo,
522 2044 692 2119 ptenaeque
707 2042 871 2117 imponitur
886 2060 947 2118 ara,
1042 2092 1044 2097 .
1101 2095 1103 2100 .

179 2126 218 2186 Ε1
232 2140 482 2188 novusaeeenso
497 2127 630 2202 iungitur
644 2128 713 2200 igne
728 2127 828 2187 focus.
893 2137 896 2141 ’

68 2216 120 2270 ate
135 2211 215 2270 Inde
229 2225 373 2284 premens
390 2209 500 2270 stivam
519 2211 660 2284 designat
674 2211 915 2272 moeniasutoo:

178 2291 259 2352 Alba
273 2290 375 2367 iugum
389 2294 479 2354 niveo
496 2310 564 2354 eum
578 2294 659 2354 bove
674 2309 770 2354 vacca
783 2295 857 2353 tulit.

133 2377 209 2434 Vox
223 2376 279 2435 fuit
293 2376 369 2434 haee
384 2379 484 2450 regis:
512 2375 688 2450 tcondenti,
704 2377 854 2452 Iuppiter,
871 2378 977 2437 urbem
1003 2389 1005 2394 ·

179 2459 218 2518 Et
232 2459 352 2534 genitor
363 2459 488 2522 Mavors
504 2455 662 2532 Vestaque
683 2467 792 2532 mater,
807 2461 897 2519 ades!

137 2543 286 2617 Quosque
302 2543 384 2617 pium
400 2549 447 2602 est
464 2541 611 2602 adhibere
626 2542 718 2617 deos,
735 2543 882 2604 advertite
901 2545 1015 2605 eunetit

70 2629 123 2683 830
180 2623 368 2700 Auspieibus
383 2625 473 2686 vobis
488 2625 634 2686 hoe-mihi
650 2633 755 2700 surgat
770 2642 859 2702 opus.
1059 2683 1061 2688 .

134 2711 243 2784 Longa
257 2707 296 2768 sit
311 2709 382 2770 huie
397 2715 481 2770 aetas
496 2710 700 2784 dominaeque
714 2711 851 2784 potentia
865 2717 977 2786 terroe,
1075 2767 1077 2770 .
1130 2708 1134 2713 ’

93 2799 99 2813 ·
180 2791 288 2868 Sitque
304 2792 434 2874 subhac
451 2795 552 2854 oriens
569 2794 778 2869 occiduusque
794 2795 884 2854 dies?

134 2879 189 2938 lile
203 2877 395 2952 precabatur.
425 2879 537 2938 tonitru
552 2878 637 2938 dedit
651 2879 752 2937 omina
766 2879 856 2939 laevo

176 2960 327 3035 Iuppiter,
342 2966 373 3020 et
386 2961 475 3022 laevo
490 2962 615 3020 fulmina
624 2962 725 3022 ‘missa
739 2963 822 3036 poio.

71 3051 123 3110 835
137 3043 275 3118 Augurio
289 3045 361 3105 laeti
375 3044 488 3105 iaciunt
501 3044 677 3105 fundamina
693 3045 787 3119 cives,
874 3109 875 3112 ,

178 3126 216 3186 Et
229 3143 329 3189 novus
345 3124 457 3204 exiguo
471 3134 609 3206 tempore
624 3145 728 3188 murus
744 3135 817 3187 erat.
900 3155 902 3159 ·

69 3256 72 3260 .
137 3209 203 3270 Hoc
218 3210 305 3272 Celer
318 3219 406 3287 urget
420 3229 514 3288 epae,
531 3215 622 3287 quem
636 3213 786 3274 Romulus
801 3211 870 3286 ipse
885 3221 1019 3284 vocarat,

181 3293 349 3370 ‘Sint’que,
369 3295 483 3371 ‘Oeten
502 3301 607 3357 ourae'
624 3296 744 3356 dixerat
759 3295 832 3355 ‘ista
848 3303 927 3355 tuae.

136 3379 220 3438 Neve
235 3380 305 3454 quis
325 3386 512 3453 autmarus,
530 3387 581 3441 aut
596 3381 705 3440 11111111
720 3394 845 3441 vomere
859 3379 976 3440 iussam

72 3464 125 3520 811
179 3459 341 3542 Transeat,
358 3462 521 3525 audentem
535 3464 607 3525 talia
622 3464 702 3525 dede
715 3464 806 3526 neat?
844 3545 858 3583 *
