2520 4012
167 220 210 282 50
564 217 792 281 TRISTIUM

249 375 326 436 Dum
340 380 440 434 tamen
455 388 531 432 aura
545 377 636 446 tepet,
652 372 753 432 medio
769 371 960 432 defendimur
974 373 1095 436 Histros

289 457 342 516 llle
358 455 422 516 suis
438 455 574 530 liquidus
590 455 671 516 bella
684 455 805 530 repellit
818 455 919 530 aquis.

247 541 288 601 At
303 557 372 600 curn
386 539 480 600 tristis
495 539 593 598 hiems
609 539 781 613 squalentia
796 539 920 614 protudit
936 556 999 614 ora,

202 636 236 690 ιο
288 625 442 699 Terraque
457 637 628 688 marmoreo
645 621 776 682 candida
790 623 871 682 facta
884 624 955 698 gelu
970 631 1026 697 est,

250 709 425 789 Dumvetat
440 713 469 766 et
485 707 595 766 boreas
611 711 641 764 et
655 704 707 778 nix
721 703 858 766 habitare
873 707 932 771 sub
947 709 1050 780 Arcto,

289 793 363 852 Tum
380 793 483 865 liquet,
501 790 556 848 has
572 795 680 864 gentes
696 805 754 848 axe
769 796 916 853 tremente
931 791 1036 866 premi.

250 876 308 935 Nix
322 876 409 946 iacet,
427 881 456 933 et
470 874 580 933 iactam
595 889 651 932 nec
667 875 714 934 sol
730 874 893 950 pluviaeve
907 876 1073 950 resolvunt,

291 959 417 1019 indurat
430 957 542 1018 boreas
558 965 801 1032 perpetuamque
816 958 896 1018 facit.

200 1061 233 1114 15
247 1043 328 1118 Ergo
345 1042 395 1102 ubi
412 1041 535 1102 delicuit
549 1042 684 1102 nondum
704 1040 797 1116 prior,
814 1042 909 1105 altera
923 1042 1014 1117 venit,

289 1128 327 1186 Et
341 1128 420 1186 solet
434 1125 464 1184 in
478 1126 578 1186 multis
594 1126 676 1189 bima
689 1141 814 1187 manere
829 1125 915 1186 loeis.

248 1212 404 1286 Tantaque
420 1209 562 1269 commoti
578 1210 624 1269 vis
640 1216 688 1270 est
701 1208 863 1286 aquilonis,
879 1216 912 1270 ut
926 1211 1002 1272 altas

288 1298 411 1369 nequet
425 1291 517 1355 humo
533 1299 631 1353 turres
647 1300 789 1368 tectaque
804 1302 892 1370 rapta
907 1295 991 1353 ferat.
1100 1283 1111 1298 ⁹

249 1377 382 1438 Pellibus
398 1383 428 1436 et
442 1377 519 1438 sutis
536 1383 641 1436 arcent
655 1378 733 1437 mala
749 1378 864 1452 frigora
877 1375 1007 1454 braccis

197 1477 233 1532 20
289 1461 411 1537 Oraque
427 1460 465 1521 de
480 1467 544 1522 toto
561 1476 694 1536 corpore
709 1462 777 1536 sola
791 1468 903 1536 patent.
932 1455 934 1461 ’

249 1544 351 1620 Saepe
366 1551 477 1604 sonant
491 1545 562 1606 moti
578 1546 676 1620 glacie
691 1545 845 1620 pendente
862 1545 972 1622 capilli,

288 1629 326 1690 Et
340 1629 414 1688 nitet
428 1629 550 1689 inducto
567 1629 698 1690 candida
713 1627 808 1690 barba
822 1631 901 1704 gelu.

181 1708 183 1712 ’
247 1713 397 1787 Nudaque
413 1713 593 1788 consistunt,
610 1713 738 1774 formam
752 1713 907 1774 servantia
920 1719 1025 1783 testae,

289 1798 377 1872 Vina,
394 1812 451 1857 nec
465 1795 575 1857 hausta
589 1798 673 1871 meri,
692 1797 748 1858 sed
763 1796 835 1858 data
849 1797 947 1858 frusta
960 1796 1074 1856 bibunt.

196 1892 230 1946 ab
246 1879 324 1958 Quid
339 1882 457 1956 loquar,
472 1888 506 1941 ut
522 1879 614 1941 vineti
629 1889 830 1944 concrescant
844 1881 956 1956 frigore
969 1880 1036 1955 rivi,

291 1967 398 2041 Deque
413 1967 482 2026 lacu
497 1965 621 2040 fragiles
638 1965 822 2026 effodiantur
836 1966 955 2042 aquae?

247 2051 328 2126 lpse,
345 2049 523 2127 papyrifero
541 2049 593 2125 qui
608 2065 668 2110 non
685 2052 843 2124 angustior
856 2065 945 2110 amne

285 2132 432 2194 Miscetur
446 2139 534 2194 vasto
549 2135 644 2192 multa
658 2149 714 2209 per
729 2149 783 2193 ora
799 2135 884 2207 freto,

248 2217 412 2278 Caeruleos
427 2217 525 2278 ventis
542 2217 647 2278 latices
663 2217 851 2291 durantibus
866 2216 967 2280 Hister

194 2305 230 2360 30
286 2301 432 2375 congelat
447 2308 476 2361 et
492 2296 579 2361 tontis
595 2300 626 2359 in
640 2317 724 2361 mare
738 2302 833 2376 serpit
847 2302 946 2376 aquis.

247 2384 375 2460 Quaque
389 2391 471 2444 rates
486 2385 592 2458 ierant,
609 2384 740 2460 pedibus
756 2401 836 2446 nunc
851 2387 917 2458 itur,
936 2394 965 2446 et
980 2383 1079 2446 undas

285 2467 413 2542 Frigore
429 2476 587 2530 concretas
602 2471 717 2543 ungula
732 2471 835 2546 pulsat
849 2470 935 2546 equi:

245 2553 365 2628 Perque
380 2569 480 2614 novos
496 2560 606 2627 pontes
622 2553 727 2614 subter
741 2551 913 2616 labentibus
928 2553 1019 2612 undis
1047 2602 1048 2605 ,
1090 2549 1093 2554 “

285 2638 407 2697 Ducunt
421 2633 579 2696 Sarmatici
595 2636 725 2698 barbara
739 2639 876 2714 plaustra
890 2637 997 2712 boves,

194 2727 228 2783 35
243 2721 304 2782 Vix
319 2719 463 2797 equidem
479 2720 596 2788 credar.
620 2721 677 2781 sed
693 2737 760 2782 cum
776 2722 837 2796 sint
850 2721 987 2797 praemia
1001 2720 1070 2782 falsi

284 2803 381 2876 Nulla,
397 2811 493 2865 ratam
509 2805 600 2864 debet
613 2804 700 2882 testis
715 2806 829 2866 habere
844 2805 945 2866 iidem.

244 2888 385 2950 Vidimus
400 2889 553 2962 ingentem
568 2889 665 2962 glacie
684 2887 854 2950 consistere
869 2894 1003 2965 pontum,

284 2971 478 3047 Lubricaque
492 2971 623 3032 inmotas
638 2980 716 3034 testa
731 2973 889 3050 premebat
903 2988 1010 3048 aquas.

244 3055 306 3114 Nec
321 3055 437 3115 vidisse
457 3062 505 3136 sat
520 3063 574 3116 est.
600 3055 710 3118 durum
725 3059 911 3120 calcavimus
927 3071 1054 3131 aequor,

190 3148 228 3202 40
283 3138 436 3214 Undaque
450 3154 512 3201 non
527 3139 589 3200 udo
606 3139 664 3202 sub
679 3141 761 3222 pede
775 3158 894 3226 summa
908 3141 972 3202 fuit.

245 3219 278 3281 Si
292 3222 345 3282 tibi
360 3223 419 3282 tale
436 3225 546 3286 fretum
563 3226 725 3300 quondam,
740 3219 889 3302 Leandre,
906 3225 1026 3294 fuisset.¹
1146 3251 1150 3258 ·

281 3305 349 3364 Non
364 3306 442 3366 foret
456 3315 605 3382 angustae
620 3325 702 3370 mors
718 3317 769 3371 tua
784 3309 899 3372 crimen
914 3303 1028 3385 aquae.¹

243 3390 319 3450 Turn
333 3403 434 3464 neque
449 3406 483 3450 se
498 3391 592 3465 pandi
607 3403 740 3467 possunt
755 3393 916 3470 delphines
931 3391 1071 3455 inauras

284 3473 412 3533 Tollere.
436 3482 583 3536 conantes
599 3477 676 3538 dura
691 3483 812 3544 coercet
826 3478 935 3540 hiems.
