2524 4004
454 159 506 233 IV,
532 156 581 233 1³,
601 155 737 234 23-14,
753 155 805 222 47.
1084 163 1146 228 197

200 313 234 374 ln
249 313 369 374 medias
385 311 504 388 Syrtes,
527 309 662 372 mediam
675 327 745 374 mea
758 313 829 375 vela
843 311 1020 392 charybdin

155 409 193 463 lo
239 395 355 473 Mittite,
378 396 534 474 praesenti
548 395 622 456 dura
634 409 797 462 ,careamus
811 396 916 460 humo.
1028 453 1031 460 .

199 481 279 560 Styx
291 495 426 558 quoquc,
442 477 557 554 siquid
571 494 610 539 ec
623 486 680 553 est,
694 479 774 540 bene
785 481 1019 544 commutabitur
1027 481 1141 562 Histro,

239 564 349 642 Siquid
365 569 395 624 et
409 562 544 638 inferius,
565 577 658 638 quam
669 560 780 639 styga,
802 566 936 627 mundus
950 566 1053 630 habet.
1204 577 1206 584 ⁴

200 649 343 710 Gramina
358 649 457 709 cultus
468 661 554 722 ager,
578 645 674 722 frigus
689 646 790 709 minus
806 647 871 711 odit
884 649 1027 728 hauado,
1149 661 1153 670 ’

240 732 383 794 Proxima
396 729 566 795 Marticolis
580 747 673 806 quam
691 733 761 792 loca
774 732 858 796 Naso
874 733 969 795 Getis.

154 825 187 880 15
198 817 283 879 Talia
297 822 484 878 succensent
496 821 624 891 propter
636 815 710 876 milri
725 817 822 880 verba
835 816 982 894 Tomitae,

241 902 351 978 Iraque
368 897 554 962 carminibus
569 897 694 975 publicu
706 908 791 963 mota
804 901 894 964 meis.

198 985 279 1060 Ergo
295 999 353 1060 ego
368 984 502 1046 cessabo
517 998 685 1058 numquam
695 1000 757 1059 -per
771 987 907 1049 carmina
920 986 1011 1062 laedi,

238 1069 356 1129 Plectar
369 1075 401 1130 et
413 1069 537 1129 incauto
553 1081 677 1143 semper
690 1068 730 1128 ab
744 1069 889 1144 ingemat
949 1120 951 1126 .

198 1152 279 1229 Ergo
295 1167 363 1230 ego,
385 1165 425 1213 ne
440 1153 583 1226 scribam,
607 1150 722 1227 digitos
736 1151 875 1214 incidere
887 1157 1028 1229 'cunctor

152 1241 188 1294 m
238 1235 373 1312 Telaque
388 1236 491 1298 adhuc
505 1235 644 1311 demens,
668 1249 747 1310 quae
761 1250 905 1312 nocuere,
928 1245 1066 1313 sequort

198 1319 249 1380 Ad
263 1325 384 1381 veteres
399 1321 548 1396 scopulos
562 1320 672 1381 iterum
686 1319 830 1380 devertor
844 1326 874 1380 ει
887 1319 967 1397 ιιιεε,

238 1404 271 1463 ln
287 1403 398 1478 quibus
414 1402 543 1465 offendit
558 1399 708 1478 naulrage
720 1404 846 1480 puppis,
868 1411 990 1479 aquast

199 1485 261 1548 Sed
276 1487 350 1549 nihil
366 1488 487 1549 admisi.
517 1489 601 1548 nulla
616 1493 664 1548 est
677 1501 748 1546 mee
760 1488 863 1564 culpa,
884 1487 1030 1563 Tomitae,

239 1570 321 1644 Quos
337 1585 405 1647 ego,
429 1587 498 1632 cunr
511 1571 582 1632 loca
596 1570 655 1632 sim
668 1575 774 1632 vestra
787 1587 933 1648 perosus,
956 1587 1036 1632 emo.

151 1658 186 1713 ιι
198 1654 328 1730 Quilibet
341 1655 476 1716 excutiat
489 1654 587 1717 nostri
601 1654 789 1716 monimenta
802 1655 935 1719 laboriss

234 1739 348 1800 Littera
362 1739 402 1800 de
416 1739 506 1800 vobis
522 1745 570 1800 est
584 1754 654 1799 mea
669 1744 779 1815 queste
793 1738 878 1799 nihil.

194 1819 303 1897 Frigus
318 1828 348 1882 et
361 1822 505 1884 incursus
521 1823 603 1885 omni
619 1821 660 1882 de
673 1828 764 1898 parte
774 1823 931 1884 timendos

234 1906 272 1967 Et
287 1905 371 1982 quod
386 1909 528 1982 pulsetur.
540 1919 646 1970 murus
661 1906 700 1966 ab
715 1905 816 1981 hoste,
838 1920 959 1984 queror.
1049 1933 1050 1939 ι
1106 1911 1107 1918 ’

195 1989 229 2050 Ia
246 1991 325 2066 loca,
345 2003 408 2052 non
421 1990 573 2065 homines,
595 1989 760 2051 verissime
773 1989 900 2050 crimina
914 1989 988 2052 dixi.

150 2073 186 2130 3⁰
239 2073 375 2152 culpatis
390 2081 527 2138 vestrum
540 2089 600 2136 vos
617 2089 741 2149 quoque
754 2089 851 2149 saepe
866 2075 976 2135 solum.

195 2157 287 2220 Esset
300 2166 451 2236 perpetuo
467 2174 525 2220 sua
539 2173 633 2234 quam
646 2157 779 2220 vitabilis
793 2158 902 2232 Ascra,

233 2244 325 2305 marsa
339 2249 387 2303 εει
401 2241 557 2318 agricolae
571 2241 663 2304 Musa
677 2242 791 2303 docere
805 2243 901 2304 senis.

195 2325 237 2386 At
249 2327 348 2388 lueret
360 2333 443 2388 terra
457 2328 589 2403 genitus,
612 2327 665 2401 qui
680 2327 813 2403 scripsit,
835 2326 868 2386 in
882 2325 948 2385 illas
1024 2335 1029 2342 ·

234 2411 379 2474 Intumuit
392 2411 456 2472 vati
470 2425 529 2472 nec
543 2418 646 2472 tamen
659 2411 761 2470 Ascra
777 2426 846 2471 suo.

149 2501 184 2558 35
197 2493 270 2569 Quis
286 2495 416 2570 patriam
430 2495 668 2569 sollerte-magis
683 2494 789 2554 dilexit
802 2493 915 2555 Umor

235 2577 303 2640 Hoc
316 2586 419 2640 tamen
433 2579 587 2656 asperitas
600 2578 705 2638 indice
718 2583 793 2638 nota
807 2577 868 2641 loci
884 2582 941 2638 est.

194 2661 261 2724 Non
276 2665 355 2740 loca,
377 2664 552 2725 sedmores
567 2660 829 2738 scriptisvexavit
843 2660 958 2721 amaris

237 2746 385 2824 Scepsius
399 2747 570 2822 Ausonios,
592 2753 723 2822 actuque
736 2745 836 2805 Roma
850 2760 905 2805 rea
920 2750 978 2806 est.

142 2841 147 2848 ·
194 2828 286 2892 Falsa
299 2837 400 2894 tamen
415 2837 689 2907 possessaeque
705 2828 846 2892 convicia
859 2834 971 2902 mente,

151 2916 186 2970 lo
237 2913 339 2976 obluit
355 2916 474 2979 auctori
489 2929 549 2976 nee
561 2915 628 2977 lem
642 2915 747 2990 lingua
761 2913 829 2974 suo.

194 3000 235 3059 At
249 2999 348 3060 malus
363 3000 515 3076 interpres
529 2997 638 3076 papali
651 2997 725 3062 mihi
738 2997 872 3058 concitat
885 2996 973 3070 iram,

235 3083 333 3160 Inque
347 3099 462 3147 novum
478 3081 593 3144 crimen
609 3082 746 3142 carmine
762 3087 869 3142 nostra
882 3083 985 3142 vocat.

193 3167 265 3228 Tam
281 3167 356 3230 felix
371 3169 496 3244 utinam,
520 3177 617 3244 quam·
625 3165 929 3243 pectorecandidus,
952 3167 1071 3226 essemt

233 3251 324 3314 Extat
338 3251 441 3315 adhuc
454 3267 545 3314 nemo
561 3251 757 3314 saucius'ore
770 3263 844 3310 meo⁴
981 3269 983 3276 ·

146 3341 182 3396 45
194 3334 296 3413 Adde,
320 3337 404 3414 quod
419 3337 543 3414 illyrica
558 3335 584 3398 si
599 3335 660 3396 iam
673 3335 748 3412 pice
756 3334 874 3410 nigrior
889 3345 1002 3408 essem,
1015 3379 1017 3386 s

235 3417 303 3481 Non
318 3421 490 3483 mordenda
503 3419 577 3480 milri
590 3420 679 3481 turba
692 3418 796 3480 fidelis
810 3423 884 3478 erat.
897 3477 899 3482 ,

194 3501 328 3565 Molliter
341 3522 361 3566 a
374 3505 466 3572 vobis
480 3519 550 3566 mea
565 3519 635 3565 sors
651 3509 790 3580 excepta,
811 3499 957 3573 Tomitae,
