2524 4004
167 169 232 246 000
549 173 803 263 rusiorum

291 329 402 390 Nescio
417 343 511 404 quem
526 326 615 406 vobis
630 327 771 401 suspicer
784 340 856 386 esse
871 325 1006 388 deum’...

253 417 307 474 ‘At
322 415 349 473 si
364 412 433 487 quis
450 417 570 471 vestrae
585 412 662 470 deus
676 414 761 470 esset
775 408 900 484 originis
910 415 1029 486 auctor,

188 506 243 560 400
297 498 330 556 10
345 501 407 555 tam
421 494 581 570 praecipiti
599 501 736 568 tempure
750 494 841 552 ferret
855 508 956 568 operm.

251 580 357 640 Ferret
372 594 462 654 opem
476 585 573 651 certe,
592 577 619 638 si
634 591 696 636 000
711 591 771 652 ope
785 583 881 635 mater
895 582 1008 651 egeret,

295 663 379 736 Quae
395 663 475 722 lacta
489 668 537 722 est
552 676 612 721 uno
628 667 724 720 mater
738 667 767 722 et
784 658 859 721 orba
874 660 933 718 die.

252 747 329 807 Nata
344 747 448 819 simul,
464 745 609 806 moritura
625 744 730 818 simul,
747 743 836 804 simul
850 744 891 804 ite
904 741 964 814 sub
978 743 1078 803 undas

296 829 460 905 Corporat’
489 828 638 900 desierat,
654 827 859 902 deposuitque
874 827 952 886 sinu.

187 914 240 970 105
253 913 422 988 vagierunt
436 912 526 972 ambo
546 912 668 986 pariter.
696 910 834 970 sensisse
845 918 982 984 putares.

293 996 331 1056 Hi
346 996 474 1056 redeunt
487 995 558 1054 udis
578 994 608 1054 in
624 1010 682 1056 sua
694 999 775 1054 tecta
788 995 886 1068 genis.

215 1075 217 1078 ’
254 1079 391 1142 Sustinet
404 1079 564 1154 impositos
580 1093 698 1138 summa
716 1093 811 1138 cavus
826 1077 933 1138 alveus
948 1074 1041 1136 unda.

291 1164 358 1224 Heu
377 1170 522 1236 quantum
537 1163 588 1222 lati
603 1177 701 1237 parva
715 1159 827 1222 tabella
840 1160 920 1219 tulitt

253 1249 370 1307 Alveus
386 1246 416 1305 in
430 1247 501 1306 limo
517 1245 605 1306 silvis
619 1243 769 1320 adpulsus
786 1243 893 1319 opacis

188 1337 242 1392 410
294 1330 441 1390 Paulatim
455 1329 551 1390 fluvio
567 1328 727 1388 deficiente
742 1329 839 1388 sedet.

250 1413 353 1474 Arbor
370 1420 443 1474 erat.
472 1418 629 1474 remanent
645 1411 781 1485 vestigia.
811 1427 952 1487 quaeque
972 1419 1096 1471 vocatur

292 1496 424 1558 Rumina
436 1511 516 1556 nunc
530 1496 625 1570 11000,
640 1495 771 1556 Romula
785 1493 863 1556 licus
879 1502 952 1556 erat.

251 1581 344 1642 Venit
357 1579 398 1639 ad
412 1579 602 1656 expositos...
618 1579 773 1639 mirumt...
788 1580 861 1653 lupa
876 1579 957 1638 loeta
971 1577 1130 1652 gemellos.

293 1663 367 1738 Quis
382 1664 487 1724 credat
501 1663 606 1738 pueris
621 1678 682 1722 non
699 1662 843 1722 nocuisse
863 1663 978 1721 leram?

188 1758 242 1814 415
255 1750 322 1810 Nou
337 1747 484 1807 nocuisse
498 1761 607 1821 parum
627 1752 683 1806 est.
707 1746 837 1820 prodest
852 1761 986 1820 quoque.
1015 1759 1092 1820 quos
1108 1745 1189 1817 lupa
1246 1823 1247 1826 Ἴ

811 1830 910 1904 nutrit,
1005 1893 1012 1905 ,
1137 1850 1140 1854 ’

216 1987 218 1991 ¹
290 1914 422 1974 Perdere
436 1921 585 1988 cognatae
599 1914 773 1974 sustinuere
787 1920 910 1973 manus!

255 1997 407 2070 Constitit,
423 2004 453 2057 et
470 1998 569 2058 cauda
582 1997 695 2057 teneris
709 1995 863 2057 blanditur
877 1996 1016 2068 alumnis,

292 2081 331 2142 Et
343 2079 431 2154 fingit
444 2080 548 2155 lingua
562 2095 694 2156 corpora
707 2079 779 2138 bina
794 2095 859 2139 sua.

254 2165 352 2225 Marte
368 2172 453 2224 satos
469 2165 578 2224 scires.
608 2165 697 2224 timor
711 2163 795 2222 aluit.
824 2163 919 2223 ubera
934 2163 1056 2233 ducunt,

186 2254 243 2310 400
298 2248 360 2306 Νο0
376 2247 433 2307 sibi
448 2247 592 2322 promissi
606 2248 694 2310 lactis
710 2247 831 2307 aluntur
847 2262 916 2322 ope.

83 2328 85 2338 '
246 2332 391 2391 ’11101000
407 2347 518 2390 nomen
534 2331 618 2402 lecit,
635 2332 722 2392 locus
739 2330 807 2406 ipse
821 2331 966 2406 lupercis.

167 2481 170 2488 Δ
203 2445 205 2454 ,
291 2413 403 2486 Magna
417 2413 480 2472 dati
495 2414 594 2473 nutrix
608 2414 745 2489 praemia
760 2413 847 2474 100110
862 2411 962 2474 habet.

253 2496 330 2570 Quid
345 2502 427 2555 vetat
439 2497 573 2557 Arcadio
590 2497 688 2557 dictos
704 2515 723 2556 a
736 2503 838 2558 monte
852 2499 1017 2570 lupercos?

294 2578 419 2639 Faunus
438 2579 469 2638 in
483 2581 618 2640 Arcadia
632 2581 745 2656 templa
759 2581 900 2656 Lycaeus
915 2576 1015 2639 habet.

188 2667 240 2720 425
255 2662 368 2738 Nupta,
385 2663 459 2737 quid
473 2669 642 2737 expectas?
669 2680 729 2724 000
745 2663 976 2739 inpellentibus
992 2663 1102 2736 herbis,

294 2745 356 2806 Nec
369 2761 477 2821 prece,
493 2762 550 2806 nec
564 2748 682 2822 magico
698 2747 829 2808 carmine
850 2755 946 2807 mater
959 2747 1029 2806 eris.

251 2829 368 2904 Excipe
384 2831 555 2892 foecundae
569 2831 718 2904 patienter
734 2829 861 2890 verbera
875 2831 1009 2902 dextrae,

294 2911 358 2970 lam
370 2927 461 2972 socer
479 2913 574 2989 optati
590 2930 699 2973 nomen
718 2911 841 2972 habebit
855 2915 915 2972 avi.

251 2993 328 3054 Nam
342 2994 399 3052 luit
412 2995 463 3056 illa
475 2997 556 3069 dies,
573 2997 649 3056 dura
664 3013 732 3057 cum
747 3002 830 3056 sorte
845 2997 971 3058 maritae

186 3085 240 3141 000
293 3075 477 3138 Reddebant
489 3081 565 3139 uteri
581 3081 710 3156 pignora
723 3095 794 3138 rara
808 3080 865 3139 sui,

254 3156 344 3232 ‘Quid
358 3159 441 3218 mihi’
458 3161 607 3223 clamabat
622 3164 761 3238 ‘prodest
774 3163 917 3238 rapuisse
933 3160 1084 3235 Sabinas,’

291 3242 471 3302 Romulus...
487 3245 546 3305 hoc
561 3246 612 3306 illo
629 3252 752 3322 sceptra
765 3252 886 3306 tenente
902 3245 986 3305 luit.u

253 3322 299 3382 *si
315 3339 383 3383 mea
397 3340 458 3386 000
473 3328 570 3400 vires,
587 3331 644 3389 sed
659 3330 770 3390 bellum
784 3329 895 3390 iniuria
914 3328 1007 3388 100111

293 3405 403 3466 Utilius
418 3407 516 3468 fuerat
529 3425 590 3469 000
604 3412 752 3473 habuisse
765 3416 882 3472 nurus!
