2520 4012
388 268 416 342 I,
441 265 495 336 ll,
517 263 632 328 8244.
655 266 696 340 ΙΙ,
716 262 832 330 1-35.

393 503 542 598 LIBER
568 515 843 600 SECUNDUS.

190 636 274 740 liure
288 670 361 730 mini
378 669 607 744 vobiscumet,
624 669 728 728 infelix
743 687 825 742 eura,
841 671 944 750 nitent,

149 779 153 782 ·
226 755 351 830 Ingenio
366 753 512 830 perii—qui
527 753 620 814 miser
634 754 703 828 ipsc
718 757 809 814 nicol

189 839 248 900 Cur
261 839 354 898 modo
371 839 530 898 damnatas
545 844 662 912 repeto,
677 854 745 898 mea
759 839 1036 916 crimina-Musas?

157 977 161 980 .
226 922 274 982 An
290 921 386 988 semel
400 927 449 980 est
461 936 592 996 poenam
610 924 829 984 commeruisse
844 933 972 999 parum?

160 1017 178 1068 5
194 1006 332 1086 Carmina
347 1006 492 1079 lecerunt,
508 1011 542 1066 ut
554 1022 603 1065 me
618 1020 809 1081 cognoscere
823 1007 935 1071 vellent

228 1089 334 1150 Omine
348 1104 411 1150 non
426 1089 528 1149 lausto
546 1089 657 1148 lemine
673 1089 779 1166 virque
794 1106 879 1152 meo:

190 1171 330 1234 Carmina
344 1175 492 1244 lecerunt,
507 1180 546 1232 ut
555 1189 604 1232 me
618 1188 784 1248 moresque
799 1181 918 1236 notaret

225 1257 288 1316 lam
302 1255 424 1316 demum
438 1257 507 1318 visa
521 1256 634 1318 Caesar
648 1258 686 1317 ab
700 1258 774 1320 Arte
788 1274 885 1319 meos.

186 1341 282 1402 Deme
295 1341 368 1400 mihi
383 1341 525 1413 studium,
539 1341 620 1400 vilae
636 1358 760 1418 quoque
776 1343 900 1403 crimina
915 1346 1031 1406 demes.

137 1433 174 1488 10
227 1425 398 1499 Acceptum
412 1426 514 1484 refero
528 1425 680 1499 versibus,
697 1441 769 1486 esse
782 1443 909 1488 nocens.

185 1508 251 1568 Hoc
266 1507 396 1584 pretium
412 1523 505 1570 curae
521 1509 775 1586 vigilatorumque
790 1511 929 1571 laborum

230 1591 382 1666 Cepimus.
404 1591 527 1666 ingenio
542 1598 589 1652 est
602 1609 704 1667 poena
718 1600 841 1668 reperta
855 1610 935 1654 meo.

187 1674 387 1750 Sisaponem,
403 1676 511 1735 doctas
528 1676 665 1736 odissem
680 1677 745 1736 iure
761 1692 895 1750 sonores,

224 1759 352 1820 Numina
367 1759 475 1820 cultori
490 1758 665 1834 perniciosa
679 1774 747 1820 suo.

139 1851 175 1906 15
190 1843 231 1904 At
247 1859 360 1904 nunc...
375 1849 459 1904 lanta
472 1858 541 1903 meo
557 1858 661 1904 comes
677 1850 725 1904 est
737 1844 857 1904 insania
871 1843 1011 1906 morbo...

228 1925 311 1987 Sana
324 1929 438 1987 malurn
451 1928 552 2006 refero
566 1944 673 1988 rursus
689 1927 728 1988 ad
742 1927 803 1988 icta
816 1929 942 2004 pedem:

190 2009 314 2072 Scilicet
326 2017 361 2071 ul
372 2011 472 2071 victus
487 2011 598 2086 repetit
611 2013 762 2086 gladiator
775 2011 930 2085 harenam,
957 2033 974 2076 t

233 2095 272 2155 Et
285 2095 363 2154 redit
376 2092 407 2154 in
421 2095 553 2155 tumidas
568 2097 717 2170 naufraga
730 2097 845 2170 puppis
861 2109 969 2169 aquas.
1062 2121 1064 2124 ·

121 2192 126 2196 ·
187 2177 330 2239 Forsitan
343 2184 377 2238 ut
392 2177 547 2254 quondam
562 2179 758 2239 Teuthrantia
771 2187 873 2252 regna
882 2176 1005 2250 tenenti,

136 2274 173 2326 20
230 2261 282 2322 Sic
297 2257 369 2320 mihi
382 2270 433 2322 res
452 2263 559 2322 eadem
573 2264 686 2323 vulnus
702 2277 855 2338 opemque
871 2263 956 2334 leret,

186 2347 340 2420 Musaque
354 2361 446 2422 quam
460 2347 561 2420 movit
577 2354 690 2407 motam
706 2361 829 2421 quoque
845 2346 936 2405 leniet
949 2346 1041 2403 iram:

228 2431 365 2490 Exorant
378 2445 507 2504 magnos
524 2431 657 2490 carmina
672 2445 767 2504 saepe
782 2429 868 2488 deos.

186 2515 260 2590 lpse
275 2529 400 2588 quoque
414 2514 570 2574 Ausonias
587 2515 699 2574 Caesar
713 2519 889 2587 matresque
903 2525 1060 2586 nurusque

110 2594 112 2605 ¹
230 2597 369 2656 Carmina
383 2597 550 2672 turrigerae
565 2598 667 2657 dicere
681 2597 771 2657 iussit
785 2594 852 2670 0pi.

138 2689 174 2742 25
188 2681 326 2741 Iusserat
340 2688 370 2740 et
383 2679 508 2741 Phoebo
522 2681 591 2754 dici,
607 2697 667 2754 qno
682 2686 820 2754 ternpore
834 2677 925 2738 ludos

228 2763 321 2837 Fecit,
338 2779 417 2838 quos
434 2772 518 2824 aetas
534 2763 644 2838 aspicit
657 2779 719 2821 una
732 2761 837 2820 semel.

187 2847 243 2908 His
259 2862 370 2922 precor
385 2848 534 2922 exemplis
547 2853 599 2906 tna
612 2862 703 2919 nunc,
718 2844 878 2904 mitissime
893 2843 1014 2918 Caesar,

228 2929 295 2990 Fiat
309 2931 347 2990 ab
362 2929 484 3005 ingenio
499 2930 620 2990 mollior
633 2931 679 2990 ira
692 2945 772 2990 meo.

170 3049 172 3054 -
190 3015 246 3074 Illa
260 3014 384 3089 quidem
397 3013 477 3074 iusta
492 3021 548 3088 est
564 3030 621 3074 nec
636 3030 684 3073 me
699 3013 849 3072 memisse
864 3011 1001 3086 negabat

140 3103 176 3158 30
230 3097 298 3157 Non
314 3097 394 3159 adeo
408 3105 515 3158 nostro
531 3099 607 3174 lugit
621 3099 659 3158 ab
676 3113 729 3157 ore
744 3097 854 3170 pudor.
949 3117 955 3124 ·

188 3179 252 3242 Sed
266 3180 325 3241 nisi
342 3193 534 3256 peccassem,
551 3182 624 3257 qnid
638 3189 671 3243 tu
685 3179 857 3242 concedere
872 3183 1005 3266 posses?

228 3264 387 3324 Materiam
400 3265 509 3324 veniae
525 3281 594 3324 sors
608 3264 662 3325 tibi
677 3270 783 3324 nostra
798 3263 890 3324 dedit.

186 3345 221 3408 Si
236 3349 378 3423 quotiens
394 3356 526 3426 peccant
538 3349 687 3422 homines,
703 3363 760 3408 sua
774 3345 900 3406 fulmina
915 3346 1011 3405 mittat

229 3433 375 3506 Iuppiter,
391 3433 503 3508 exiguo
518 3438 655 3506 tempore
670 3431 793 3491 inermis
809 3429 874 3490 erit.

132 3515 242 3576 115Ηί5
257 3515 310 3576 ubi
325 3517 462 3577 detonuit
477 3516 668 3592 strepituque
683 3514 827 3575 exterruit
842 3512 955 3584 orbem,
