2454 4004
287 306 291 316 „
394 249 400 259 -
450 181 494 296 νζ
517 222 695 286 aro—aaa.
1020 223 1086 286 eos

88 390 140 444 eod
154 380 247 440 Tecta
262 379 345 438 senis
361 377 493 438 subeunt
510 375 599 450 nigro
615 375 767 435 deformia
776 377 876 436 lumo=

196 463 280 538 Ignis
295 463 326 522 in
341 461 485 520 hesterno
501 459 605 534 stipite
617 473 734 534 parvus
749 467 823 519 erat.

154 548 227 622 Ipse
243 561 324 622 genu
342 545 434 604 nixus
450 541 589 602 flammas
605 543 774 602 exsuscitat
789 559 872 616 aura,

62 677 64 682 .
197 625 235 690 El
249 629 509 704 premitquassas
527 625 765 701 comminuitque
779 626 876 686 laces.

157 713 243 775 Stant
258 712 379 772 calices
410 712 508 770 minor
521 709 594 768 inde
608 709 819 782 labas,lmlus
835 710 910 772 ulter
925 709 1065 784 habebat,

90 805 152 858 alo
199 797 237 856 Et
252 802 394 871 spumant
407 800 487 854 tastu
502 808 632 868 pressus
646 799 776 868 uterque
789 809 858 853 suot

36 949 44 964 ι
155 880 298 954 Dumque
311 894 398 938 mora
412 884 474 951 est,
487 878 617 936 mentula
631 877 684 937 dat
696 878 769 936 vina
780 876 921 938 rubentia
935 877 1059 950 dextra:

198 959 320 1036 Accipit
333 976 507 1036 aequoreus
525 959 638 1034 poeula
652 960 751 1034 prima
763 961 869 1020 uleus,

156 1044 240 1118 Quae
256 1045 514 1116 almumalmum,
531 1043 588 1102 ‘Da
603 1059 683 1102 nuno
695 1043 780 1103 bibat
794 1045 912 1104 ordinc’
929 1045 1004 1104 dixit

198 1127 368 1202 ‘luppiter’
396 1125 513 1186 Audito
526 1126 634 1200 palluit
648 1127 699 1186 ille
713 1127 798 1185 lova.

92 1223 145 1278 515
159 1209 301 1272 Utredlit
315 1210 448 1284 animus,
468 1209 614 1268 cultorem
628 1210 779 1284 pauperis
794 1213 860 1284 agri

199 1293 351 1368 immolat,
368 1299 398 1353 et
413 1297 633 1368 magno‘torret
646 1293 677 1350 in
693 1293 763 1366 igne
779 1292 900 1354 bovem.

158 1376 304 1452 Quaeque
318 1391 396 1452 puer
412 1374 568 1452 quondam
583 1375 689 1450 primis
704 1373 870 1436 diffuderat
885 1378 982 1451 annis,
1085 1445 1088 1454 ,

199 1459 313 1520 Premit
327 1461 451 1522 fumoso
469 1459 592 1518 condita
607 1460 678 1519 vina
692 1458 781 1520 cado.

156 1544 219 1604 Nee
234 1559 336 1618 mora,
351 1542 526 1604 ssunlineam
542 1543 604 1602 lino
620 1541 788 1611 celantibus
803 1545 915 1617 ulvam,
983 1608 986 1612 ,

91 1636 146 1689 520
203 1626 254 1698 Sic
272 1640 397 1702 quoque
411 1643 473 1686 non
487 1625 571 1698 altis,
588 1625 754 1686 incubuere
768 1627 868 1702 toris.-
1111 1687 1114 1692 ,

156 1711 242 1771 Nunc
258 1712 353 1786 dape,
369 1725 449 1769 nunc
463 1709 567 1784 posito
582 1724 709 1769 mensae
723 1710 840 1772 nituere
853 1711 961 1788 lyaeo:
1041 1719 1045 1723 ·
1070 1709 1075 1714 ”

198 1793 293 1854 Terra
305 1793 419 1852 rubens
434 1799 549 1865 crater,
564 1793 678 1866 pacida
693 1793 781 1866 segue
796 1799 891 1852 erant.

128 1910 133 1918 -=
156 1876 261 1936 Verba
275 1877 360 1936 luere
373 1875 472 1937 lovis:
501 1874 547 1934 ‘Si
565 1877 638 1950 qnid
652 1877 709 1935 lert
723 1875 856 1951 impems
862 1922 871 1950 1,
887 1883 977 1953 optat

202 1958 296 2019 Omne
311 1960 414 2020 lenes?
444 1959 559 2020 Placidi
573 1959 671 2019 verba
685 1960 771 2019 luere
786 1961 885 2020 senis=

89 2045 142 2100 525
157 2043 249 2103 ‘Cora
262 2043 317 2103 fuit
330 2037 478 2116 eonirulx,
495 2043 612 2117 primae
626 2043 699 2102 mihi
715 2057 787 2119 cura
800 2043 942 2104 iuventae
1059 2085 1063 2092 x

202 2127 336 2200 Cognita.
369 2143 450 2188 nune
466 2125 586 2199 ubisit,
609 2127 777 2203 quaeritis?
803 2142 880 2186 urna
894 2127 976 2202 tagit.

155 2209 236 2270 Huic
252 2223 310 2284 ego
325 2210 459 2282 iuratus,
472 2210 564 2271 vobis
582 2211 613 2270 in
629 2209 866 2281 verbenacam,
1061 2203 1066 2208 ’

151 2327 152 2330 =
202 2292 399 2367 “Coniugio'’
417 2293 480 2352 dixi
496 2295 590 2352 “sola
604 2293 705 2353 fruere
720 2296 827 2351 meo.”

154 2375 196 2435 Et
210 2375 274 2434 dixi
290 2381 320 2434 et
335 2391 436 2435 servo.
466 2375 623 2434 Sedenim
639 2376 763 2435 diversa
779 2378 920 2434 voluntas

91 2467 142 2520 530
199 2459 255 2517 Est
268 2459 349 2517 mihi.
382 2468 439 2517 nec
455 2459 605 2531 coniunx,
625 2459 682 2518 sed
697 2465 784 2531 pater
801 2473 873 2518 esse
887 2461 982 2519 volo?

156 2542 336 2601 Annuerant
351 2557 468 2602 omnes.
484 2573 486 2578 κ
500 2554 607 2601 omnes
623 2541 663 2601 ad
682 2545 769 2614 terga
782 2541 904 2602 invenci

201 2625 433 2686 Constiterant..
452 2624 552 2699 pudor
567 2630 614 2683 est
627 2622 772 2684 ulteriora
785 2625 880 2700 loqui.

157 2709 232 2768 Tum
247 2708 452 2783 superiniecta
466 2716 571 2767 texere
586 2707 739 2767 madentia
752 2714 846 2766 terra:
964 2748 966 2752 -

200 2793 326 2865 Iamque
341 2792 449 2850 decem
461 2805 605 2865 mansee,
620 2797 651 2850 et
664 2806 742 2866 puer
758 2799 841 2850 ortus
857 2798 929 2850 erut.

94 2875 145 2958 {35
158 2873 246 2936 Hune
260 2875 411 2953 Hyrieus,
425 2875 500 2950 quia
515 2875 560 2934 sio
574 2875 710 2949 genitus,
726 2882 817 2934 vocet
830 2875 953 2935 Uriona.

197 2958 334 3019 Perdidit
347 2959 505 3034 antiquum
518 2959 618 3018 littera
631 2958 730 3034 prima
744 2974 864 3018 sonum.

159 3041 302 3102 Creverat
315 3042 505 3102 immensum.
536 3040 677 3102 comitem
692 3041 750 3101 sibi
765 3042 853 3102 Delia
867 3043 1011 3117 sumpsit.-

199 3125 254 3184 llle
268 3125 348 3185 deae
362 3132 481 3201 custos,
503 3126 555 3184 ille
570 3125 694 3197 satelles
709 3131 784 3185 erat
1031 3132 1034 3137 '

156 3201 262 3268 Verba
274 3215 401 3268 movent
415 3209 491 3268 iram
505 3224 568 3268 non
588 3208 810 3283 circumspecta
825 3209 962 3268 deorum.

94 3297 148 3352 540
204 3291 312 3366 ‘Quam
327 3297 493 3367 nequeam’
509 3293 584 3360 dixit
599 3293 749 3364 minoeia,
771 3294 854 3352 nulla
870 3291 933 3350 iera
947 3294 1017 3349 cst?

159 3372 311 3450 Scorpion
328 3375 451 3436 immisit
463 3373 575 3436 Tellus.
605 3375 660 3434 luit
673 3377 805 3450 impetus
825 3375 867 3432 illi
920 3379 923 3385 ’

201 3458 300 3519 Curva
316 3460 532 3535 gemelliparae
548 3459 666 3534 spicula
681 3461 760 3518 lerre
776 3458 861 3517 deae.
