2520 4012
103 226 145 290 ee
283 249 284 254 κ
368 175 369 178 Ὺ
492 180 780 291 ΤΒιετιυΜχ

187 377 288 454 Saepe
302 385 402 438 tamen
418 376 497 458 dixi=
520 377 669 448 Cuinune
684 377 762 437 llaec
775 391 850 446 cura
865 373 1023 440 laborate

225 466 358 522 Annaea
373 459 571 521 Sauromatae
586 461 700 535 scripta
715 460 870 533 Getaeque
884 461 1008 535 legenti
1028 527 1029 530 ,

144 552 179 607 95
191 543 293 621 Saepe
308 544 398 606 etiarn
412 545 554 611 lacrimae
568 559 617 603 me
632 550 703 604 sunt
716 543 867 604 scribente
883 546 1050 622 profusae,

159 627 873 702 ·mwmmmmm
1001 641 1002 644 ¹

71 710 72 716 ’
186 711 306 787 Corque
322 717 440 771 vetusta
455 726 563 784 meum,
584 717 738 785 tamquam
753 725 844 784 nova,
867 712 994 774 vulnera
1008 714 1105 790 novit,

221 796 317 870 Inque
333 795 432 855 sinum
446 800 581 853 maestae
594 793 704 853 labitur
718 793 815 863 imber
828 809 937 867 aquae.
1151 805 1154 809 ’

186 877 264 938 Dum
278 879 346 937 vice
360 882 474 936 mutata
489 877 541 951 qui
554 877 612 936 sim
626 877 806 952 fuerimque,
819 873 981 953 recordor,
1063 907 1064 910 ¹

126 969 175 1024 100
227 962 265 1023 Et
277 961 377 1022 tulerit
392 975 452 1034 quo
467 975 516 1019 me
532 974 622 1020 casus
638 968 668 1020 et
681 961 774 1034 unde,
795 960 884 1035 subit,
1079 1031 1085 1038 ι

184 1045 285 1120 Saepe
301 1060 408 1105 manus
421 1045 556 1116 demens,
581 1045 689 1104 studiis
704 1044 781 1108 irata
795 1043 925 1120 sibique,
962 1071 968 1092 ι

111 1191 113 1196 ,
222 1127 306 1188 Misit
320 1129 351 1186 in
365 1143 490 1188 arsuros
507 1128 640 1188 carmina
655 1133 760 1187 nostra
774 1129 872 1188 locos.
915 1188 917 1192 ,

182 1214 285 1286 Atque
299 1212 341 1272 ita
354 1212 393 1271 de
408 1211 508 1270 mullis
525 1211 668 1286 queniam
683 1226 745 1270 nnn
760 1211 853 1272 multa
868 1219 1041 1285 supersunt,

212 1295 301 1355 Cum
316 1295 407 1356 venia
422 1295 521 1366 facito,
544 1295 684 1370 quisquis
701 1311 745 1369 es,
767 1295 828 1363 ista
841 1295 943 1370 legas!

123 1387 173 1441 1'05
185 1380 228 1439 Tu
237 1395 361 1454 quoque
374 1377 560 1452 nonmelius,
574 1385 744 1454 quamsunt
755 1383 976 1454 meatempora,
989 1393 1123 1452 carmen,

223 1462 385 1522 interdicta
399 1461 480 1534 mihi,
505 1463 640 1536 consule,
664 1444 772 1538 Rama,
793 1461 893 1522 benit
927 1494 929 1496 -

123 1597 164 1689 26
186 1595 252 1689 {am
268 1629 332 1688 iera
347 1628 530 1689 Caesaribus
547 1629 716 1704 Germania,
739 1635 819 1692 totus
834 1635 868 1689 ut
882 1627 976 1704 orbis,
1041 1639 1043 1644 ’

222 1711 312 1771 Victa
327 1718 415 1788 potes
430 1711 513 1774 llexo
530 1713 732 1774 succubuisse
746 1729 837 1790 genu.

167 1859 171 1865 ,
184 1797 317 1871 Altaque
330 1796 469 1857 velentur
483 1797 615 1858 fortasse
627 1797 743 1861 Palatia
757 1800 856 1872 sertis,

223 1880 365 1954 Turaque
379 1879 410 1939 in
426 1880 496 1956 igne
511 1889 623 1942 sanent
637 1883 833 1959 inficiantque
849 1883 938 1957 diem,

155 1974 170 2026 5
184 1964 382 2040 Candidaque
396 1965 530 2026 adducta
544 1967 654 2026 collum
669 1982 818 2041 percussa
831 1968 931 2028 securi

227 2048 359 2108 Victima
372 2053 527 2125 purpureo
544 2051 691 2125 sanguine
706 2051 821 2125 tinguat
834 2051 972 2132 humum:

185 2136 335 2209 Donaque
350 2133 517 2195 amicorum
530 2134 651 2209 templis
666 2135 820 2210 promissa
835 2135 968 2211 deorum,
1011 2191 1022 2206 .„

226 2218 370 2278 Reddere
386 2219 518 2278 victores
534 2218 647 2279 Caesar
662 2226 789 2294 uterque
805 2224 920 2294 parent,

148 2339 151 2344 ·
185 2301 223 2361 ut
239 2301 291 2376 qui
306 2301 458 2362 Caesareo
474 2303 601 2362 iuvenes
618 2302 813 2364 subnomine
828 2308 977 2376 crescunt,

143 2399 178 2453 10
230 2385 380 2461 Perpetuo
395 2392 493 2446 terras
507 2392 540 2446 ut
554 2385 664 2447 domus
679 2387 731 2448 illa
744 2393 839 2460 regat.
937 2431 939 2436 κ
989 2409 990 2412 “

185 2470 322 2543 Cumque
338 2469 427 2531 bonis
442 2468 568 2530 nuribus
583 2486 639 2546 pro
656 2470 774 2546 sospite
784 2469 870 2529 Livia
885 2474 967 2530 nalo,
1019 2487 1022 2490 ⁴

222 2553 351 2612 Munera
366 2553 418 2614 det
431 2554 555 2630 meritis,
570 2569 673 2630 ,saepe
689 2555 806 2628 datura,
829 2552 905 2623 deis,

184 2638 222 2696 Et
237 2637 351 2712 pariter
364 2643 480 2698 matres
491 2645 521 2712 et
536 2653 616 2712 qnae
631 2637 698 2698 sine
712 2637 837 2698 crimine
852 2642 969 2696 castos*

224 2721 377 2796 Perpetua
392 2729 517 2782 servant
528 2722 699 2797 virginitate
714 2723 817 2782 iocosa

144 2815 176 2868 15
187 2805 277 2864 Plebs
292 2807 490 2881 piceumque
505 2806 557 2882 pia
570 2807 696 2866 laetetur
711 2807 802 2881 plebe
817 2811 950 2878 senatus,
1034 2837 1038 2840 ν

226 2887 386 2962 Parvaque
401 2889 488 2948 cuius
504 2905 586 2949 erant
602 2905 676 2964 pars
692 2905 750 2964 ego
766 2905 873 2962 nuper,
897 2903 1002 2962 eques.

184 2971 247 3030 Nos
263 2973 371 3044 procul
386 2974 535 3046 expulsos
551 2973 724 3038 communia
738 2973 850 3047 gaudia
864 2973 985 3032 lallunt=

108 3094 109 3097 ,
223 3053 378 3128 Famaque
391 3061 456 3116 tam¹
467 3055 560 3130 longe
574 3072 634 3117 non
650 3057 709 3116 nisi
724 3072 825 3131 parva
836 3055 926 3114 venit.
994 3113 998 3118 .

184 3138 265 3212 Ergo
282 3139 380 3198 omnis
397 3140 530 3214 papulus
547 3140 657 3215 poterit
671 3146 812 3216 spectare
826 3137 1006 3214 triumphes,
1097 3177 1100 3184 ,

142 3230 178 3282 aa
232 3220 368 3297 Cumque
382 3223 495 3283 ducum
509 3224 602 3284 titulis
617 3224 733 3300 oppida
748 3230 838 3298 capta
852 3223 941 3297 leget,

184 3305 355 3379 Vinclaque
369 3307 491 3381 captiva
504 3323 594 3382 reges
610 3308 730 3368 cervice
744 3313 886 3382 gerentes

225 3389 305 3462 Ante
319 3396 484 3450 coronatas
498 3389 542 3450 ire
557 3391 672 3452 videbit
686 3405 795 3468 equae,

186 3471 223 3531 Et
238 3481 340 3532 cernet
356 3473 538 3534 vultus'aliis
554 3490 611 3550 pre
625 3481 764 3551 tempore
777 3489 896 3550 versae,
