2520 4012
460 210 513 288 ru,
533 207 569 284 4,
590 207 705 286 51-6,
726 210 756 274 5.
1059 211 1101 276 or

161 361 254 424 Cuius
270 359 309 421 ab
328 360 483 434 adloquiis
500 361 601 421 anima
614 360 691 420 haec
707 363 889 424 moribunda
905 365 1024 440 revixit,
1068 419 1069 428 ,

202 444 242 504 Ut
257 444 331 518 vigil
348 443 452 507 inlusa
466 443 589 518 pallade
604 442 727 504 flamma
742 448 837 508 soleta

133 527 219 602 seui
236 528 352 590 veritus
368 541 430 586 non
446 542 480 586 es
496 533 603 602 portus
622 529 741 602 aperire
758 529 867 590 fideles

205 609 343 671 Fulmina
360 625 529 686 percussae
544 610 783 688 confugiumque
796 614 868 672 16111

165 693 257 754 cuius
273 709 358 753 eram
372 708 467 753 censu
482 708 607 753 nonme
623 709 771 756 sensurus
786 703 934 772 egentem,

130 827 134 831 .
207 776 239 838 Si
256 777 369 836 Caesar
382 777 497 852 patrias
515 775 680 852 eripuisset
695 794 782 854 opes.

164 861 323 936 Temporis
343 859 468 920 oblitum
483 860 556 920 dum
573 876 621 920 me
640 863 720 938 rapit
738 864 867 938 impetus
885 862 984 936 huius,

119 959 155 1014 10
206 945 326 1004 Excidit
341 943 399 1002 heu
411 959 522 1004 nomen
535 961 626 1018 quam
640 946 713 1004 mibi
729 962 826 1021 paene
837 953 940 1006 tuum!

164 1028 208 1088 Tu
222 1035 323 1086 tamen
338 1028 492 1102 agnoscis.
526 1034 687 1102 tactusque
704 1030 846 1106 cupidine
861 1030 969 1106 laudis,

207 1111 272 1170 ‘Ille
289 1126 346 1185 ego
362 1115 441 1172 sum’
458 1127 587 1186 cuperes
603 1111 705 1172 dicere
722 1128 818 1187 posse
836 1115 945 1188 palam.

165 1195 253 1254 Certa
267 1211 335 1270 ego,
355 1195 384 1254 si
399 1195 527 1269 sinereS,
550 1197 668 1256 titulum
683 1196 736 1254 tibi
749 1197 881 1256 reddere
897 1199 1014 1273 vellem,

122 1312 125 1316 ⁴
202 1279 240 1339 Et
253 1296 353 1342 raram
367 1280 466 1340 lanae
479 1280 644 1340 conciliare
658 1279 761 1338 fidem.

118 1377 152 1429 15
164 1363 209 1422 Ne
223 1365 351 1424 noceam
365 1371 451 1438 grato
465 1378 576 1423 vereor
588 1363 641 1422 tibi
657 1363 797 1437 carmine,
821 1378 899 1422 neve

206 1446 440 1522 intempestivus
455 1446 587 1508 nominis
604 1447 704 1506 obstet
718 1446 826 1507 honor.
966 1523 969 1528 Ι

68 1571 77 1578 .
164 1527 253 1603 Quod
268 1529 337 1590 11661
352 1537 382 1589 61
396 1535 491 1592 tutum
507 1536 563 1604 est,
585 1531 663 1589 intra
676 1537 729 1590 tua
743 1537 869 1605 pectora
882 1530 991 1606 gaude,

204 1612 315 1686 Meque
330 1615 372 1674 tui
387 1628 553 1674 memorem
568 1621 659 1688 teque
675 1613 772 1674 luisse
785 1613 839 1674 tui.

162 1696 263 1770 thue
278 1697 365 1772 facis,
386 1697 478 1756 remis
493 1697 534 1758 ad
550 1713 641 1772 opcrn
655 1699 770 1756 luctare
784 1697 948 1772 serendam,

117 1792 153 1845 20
202 1781 281 1841 Dum
298 1782 401 1840 veniet
417 1781 540 1858 placido
556 1780 678 1840 mollior
693 1797 767 1841 aura
783 1781 857 1842 deo:

161 1863 200 1922 Et
214 1870 311 1924 tutare
326 1872 418 1940 caput
432 1865 507 1926 nulli
523 1863 684 1938 servabila
707 1864 733 1924 si
752 1879 812 1923 non

83 2021 88 2025 ,
206 1947 262 2021 Qui
275 1949 381 2010 mersit
394 1947 510 2024 Stygia,
535 1948 675 2010 sublevet
688 1947 773 2021 illud,
796 1961 892 2021 aqua:

160 2031 275 2104 Teque,
300 2033 383 2106 quod
400 2040 448 2094 est
464 2048 573 2107 rarum,
595 2038 720 2106 praesta
736 2036 909 2090 constanter
923 2030 963 2090 ad
978 2045 1067 2090 omne

200 2113 407 2176 indeclinatae
422 2132 533 2176 munus
548 2115 708 2175 amicitiae.

115 2207 149 2260 25
161 2193 213 2256 Sic
228 2205 281 2260 tua
294 2215 461 2274 processus
476 2199 588 2259 habeat
602 2199 722 2256 lortuna
737 2211 898 2272 perennes,

202 2277 253 2339 Sio
268 2297 330 2357 ope
345 2299 406 2342 non
422 2299 515 2358 egeas
530 2283 608 2356 ipse,
632 2280 783 2354 iuvesque
798 2285 877 2338 tuos.

162 2361 214 2423 Sic
229 2371 340 2440 aequet
353 2373 404 2428 tua
418 2373 513 2440 nupta
528 2363 625 2424 virum
639 2363 776 2424 bonitate
788 2361 923 2438 perenni,
1049 2395 1091 2408 -

202 2448 320 2509 Incidet
334 2456 364 2509 61
377 2457 566 2510 vestrorara
582 2448 717 2522 querella
733 2452 811 2506 toro.

158 2531 271 2606 Diligat
284 2539 315 2593 et
327 2549 450 2609 semper
464 2533 568 2592 socius
585 2532 623 2590 de
640 2531 797 2605 sanguinis
813 2531 874 2603 ille,

114 2621 150 2676 30
203 2614 267 2689 Quo
283 2617 354 2693 pius
371 2615 483 2678 affectu
498 2615 625 2676 Castora
639 2615 731 2673 frater
746 2620 835 2674 amat.

160 2697 212 2758 Sic
226 2699 347 2760 iuvenis
360 2701 530 2774 similisque
544 2697 598 2760 tibi
613 2699 651 2757 sit
666 2705 771 2771 natus,
794 2696 919 2756 atillam

201 2781 338 2846 Moribus
354 2789 501 2858 agnoscat
516 2780 644 2859 quilibet
658 2795 730 2842 csse
745 2787 837 2840 tuum.

160 2863 211 2924 Sic
226 2866 317 2926 166161
331 2883 473 2930 socerum
486 2868 577 2928 taeda
592 2872 620 2924 16
635 2871 706 2924 nata
720 2865 822 2940 iugali,

200 2947 263 3010 Nec
276 2952 396 3012 tardum
410 2951 512 3012 iuveni
527 2952 578 3011 det
591 2948 645 3010 libi
660 2964 772 3010 nomen
788 2949 853 3008 avit

96 3079 138 3172 θ.
157 3077 316 3192 Tempore
330 3119 480 3180 ruricolae
495 3119 614 3194 patiens
629 3119 663 3179 lit
677 3123 783 3182 taurus
799 3116 898 3189 aratri,

194 3199 325 3262 Praebet
339 3211 369 3264 61
383 3204 509 3264 incurvo
526 3203 606 3264 oolla
619 3203 788 3278 premenda
803 3201 885 3275 iugo.

151 3285 302 3361 Tempore
316 3294 405 3362 paret
419 3303 517 3362 equus
532 3289 621 3348 lentis
636 3287 794 3346 animosus
809 3283 948 3359 babenb,

193 3367 231 3428 111
246 3370 369 3444 placido
386 3372 479 3433 duros
495 3372 606 3448 accipit
620 3373 673 3432 ore
686 3371 787 3446 lupos.

122 3451 303 3544 bTempore
316 3455 489 3518 Poenorum
505 3455 708 3533 compescitur
722 3454 766 3514 ira
779 3454 910 3592 leongrm
