2524 4004
156 225 220 291 228
539 219 795 284 PASTORUM

243 377 282 453 ¹l,
297 379 377 438 mea*
392 373 469 436 dixit
483 373 577 446 ‘svis
589 387 635 434 ae
647 371 721 448 quid
756 373 787 434 ia
801 387 890 434 sacra
903 383 1048 454 moretur,

175 469 230 525 250
284 460 323 520 Et
335 465 456 520 tenuem
470 458 548 518 vivis
563 457 701 518 lontibus
757 457 803 518 ier
816 463 952 535 aquam?

243 543 359 604 Corvus
373 543 544 604 inauratum
558 541 689 618 pactum
704 548 821 601 cratera
834 542 972 602 recurvis

203 633 206 639 ·
280 625 383 702 Tollit,
405 633 435 686 ct
449 628 564 686 adrium
579 625 718 700 pervolat
731 626 811 685 altus
826 625 892 684 iter.

243 709 349 770 Stabat
362 710 463 771 adnue
479 709 563 770 duris
578 709 655 770 licus
671 708 858 784 densissima
871 710 991 784 patriis:

172 811 174 816 ·
281 793 419 869 temptat
434 809 502 854 eam
515 799 629 853 rostro.
655 808 720 852 nou.
730 798 797 853 erat
810 799 882 868 apta
896 793 966 868 legi.

176 883 230 938 255
244 877 395 937 Inmemor
409 876 528 952 imperii
544 876 666 937 sedisse
681 875 739 936 sub
753 875 863 936 cultore
877 876 980 951 fertur,

282 962 361 1022 Dum
375 959 483 1020 flerent
497 961 585 1020 tarda
600 959 702 1020 dulcia
714 975 808 1034 poma
821 975 917 1021 mora

241 1046 367 1120 Iamque
382 1051 467 1104 satur
480 1044 574 1118 nigris
589 1044 715 1117 longum
727 1043 807 1118 rapit
820 1043 1134 1130 unguibushydrum,
1203 1071 1212 1086 ι

282 1128 333 1190 Ad
348 1127 567 1202 dominumque
579 1127 674 1201 redit,
690 1127 822 1200 actaqoc
838 1128 933 1188 verba
944 1129 1053 1188 referta

242 1212 310 1271 ‘Hic
324 1211 398 1272 mihi
412 1226 644 1285 causamme,
660 1211 798 1272 vitarum
819 1211 970 1273 obsessor
982 1228 1151 1288 aquarumr

176 1309 233 1364 aso
284 1296 341 1356 Hic
354 1293 453 1356 tenuit
465 1296 565 1355 sontes
581 1294 779 1370 ultumoque
792 1299 918 1355 metum!

243 1379 366 1440 ‘Addis’
382 1377 423 1438 ait
436 1381 557 1454 ‘culpae
571 1378 760 1451 mendacia?
774 1377 915 1439 Phoebus
930 1383 974 1439 ‘et
987 1379 1090 1444 audes-

282 1462 449 1523 Fatidicum
465 1462 568 1524 verbis
582 1463 688 1522 fallare
702 1463 782 1522 uelle
796 1463 909 1522 deuant

241 1549 282 1606 At
296 1546 366 1620 tibi,
383 1547 455 1606 dum
470 1546 586 1607 lactens
601 1545 739 1606 haerebit
753 1547 782 1604 in
797 1544 908 1606 artiore
922 1545 1011 1618 dous,

281 1631 327 1691 De
342 1630 425 1690 nullc
441 1629 562 1704 gelidae
577 1630 661 1689 sonte
673 1627 814 1710 bibentur
828 1633 951 1706 aquae!

171 1720 226 1776 965
240 1714 331 1775 Dixit.
360 1719 404 1788 et,
420 1713 535 1788 antiqui
549 1712 733 1774 monimenta
747 1714 894 1788 perennia
907 1713 987 1788 lecti,

279 1797 414 1872 Anguis,
429 1797 524 1871 Avis,
540 1796 644 1858 crater
658 1797 761 1858 sidera
775 1797 878 1858 ianua
891 1797 1013 1858 micant.

495 1997 545 2062 15.
574 2000 597 2060 F
618 1999 835 2061 LVPER-ra

237 2133 341 2194 Tertia
354 2141 426 2210 post
438 2134 511 2196 idus
526 2135 627 2194 nudos
643 2149 755 2196 aurora
768 2135 927 2210 Lupercos

278 2218 413 2293 Aspicit,
429 2226 460 2280 ct
472 2218 568 2278 Fauni
583 2233 673 2279 sacra
686 2219 822 2278 bicornis
835 2225 916 2278 eunt.

237 2301 349 2374 Dicite,
365 2301 515 2374 Pierides,
532 2317 690 2363 sacrorum
706 2317 785 2377 quac
800 2302 950 2378 erlongo,

173 2393 228 2449 ‘llo
283 2385 444 2458 attigerint
457 2385 558 2446 Latias
573 2386 656 2446 unde
671 2387 765 2460 petita
779 2385 911 2447 domest

242 2467 325 2527 Pana
339 2468 430 2528 deum
444 2470 566 2543 pecoris
581 2475 702 2529 veteres
718 2469 854 2531 coluisse
868 2471 1006 2531 teruntur

281 2552 436 2612 Arcades:
465 2552 609 2613 Arcadiis
625 2554 772 2628 plurimus
788 2555 839 2613 ille
853 2553 942 2628 iugis.

240 2635 339 2696 Testis
356 2635 554 2711 antenctae,
569 2644 664 2698 testes
680 2637 910 2715 Stymphalides
925 2639 1036 2712 undae,

281 2719 398 2794 Quique
413 2719 480 2780 citis
494 2719 601 2782 Ladon
616 2721 647 2780 in
661 2737 745 2781 mare
759 2721 852 2782 currit
865 2722 964 2796 aquis,

172 2807 227 2864 275
244 2802 410 2878 Cinctaque
424 2804 536 2880 pinetis
551 2805 685 2866 nemoris
699 2805 772 2880 iuga
785 2805 958 2879 Nonacrini,

198 2956 202 2962 Δ
276 2888 409 2961 Altaque
424 2887 564 2965 Cyllene,
579 2888 820 2964 Parrhasiaeque
834 2891 932 2950 nives.

238 2968 299 3028 Pan
315 2976 379 3028 crat
394 2973 535 3045 armenti,
550 2972 611 3032 Pan
627 2972 688 3032 illio
702 2987 813 3033 numen
830 2987 992 3048 equarum:

279 3051 390 3112 Munus
406 3052 445 3112 ob
460 3055 629 3116 incolumes
644 3056 694 3116 ille
709 3055 824 3116 screbat
839 3072 925 3116 oves.

239 3134 401 3196 Transtulit
413 3135 558 3198 Euander
571 3139 725 3200 silvestria
740 3140 862 3199 numina
876 3153 992 3200 sectum

172 3224 227 3276 atto
280 3216 352 3290 Hic,
368 3220 420 3280 ubi
435 3237 515 3280 nanc
528 3223 609 3284 Urbs
624 3230 687 3297 cst,
701 3230 765 3284 tum
780 3223 867 3283 locus
882 3222 966 3284 urbis
982 3227 1057 3283 erat.
1113 3255 1116 3260 ·

238 3301 313 3362 Inde
328 3299 419 3362 deum
434 3305 577 3379 colimus,
594 3307 784 3381 devectaque
799 3321 888 3366 sacra
902 3305 1053 3380 Pelasgis.

276 3381 401 3444 Flamen
416 3386 456 3446 sd
471 3386 548 3446 haec
563 3389 666 3462 prisco
681 3405 766 3451 more
778 3389 874 3450 Dialis
889 3395 963 3448 erat.
985 3393 988 3396 '

239 3463 298 3524 cur
313 3465 403 3540 igitur
418 3477 556 3545 currant,
572 3477 603 3530 et
616 3486 701 3532 cur...
717 3473 763 3533 sic
774 3487 898 3532 cmrere
913 3487 982 3533 mos
998 3475 1079 3532 est..
