2454 4004
450 253 510 326 tu,
531 239 666 317 towso.
1002 253 1066 323 tut

175 356 222 482 n
232 410 367 468 veterem
381 403 466 470 Latio
482 402 689 476 supposuisse
704 401 828 470 Samon.
871 427 875 432 ·

134 491 225 550 Adde
240 487 491 558 secundarium,
507 485 766 561 Iunonicolasque
777 485 926 561 Faliscos
1004 511 1006 516 ·

85 581 122 636 5ο
178 573 262 648 Quos
276 587 335 648 ego
349 569 497 632 Romanis
514 569 715 638 succubuisse
730 569 793 636 tuti.
988 625 991 630 .

123 656 199 718 -Sed
213 671 314 732 neque
329 654 568 730 paeniteatnee
582 668 659 727 gons
676 653 750 717 taihl
769 651 869 718 aanor
884 655 946 714 nlla
960 663 1016 717 est.

177 739 234 800 Hie
254 739 352 814 colar,
368 737 419 798 liic
433 743 557 802 teneant
570 753 639 800 cunt
653 737 727 798 Iove
741 737 855 812 tempta
869 752 949 802 uteo.
981 788 983 795 .

135 824 207 900 Ipse
221 823 294 883 mihi
307 822 432 882 Mavors
447 820 660 885 “Commendo
675 821 823 885 moenia’
839 819 916 886 dixit
937 853 941 855 -

177 907 287 966 “Haee
300 905 362 966 tibi.
395 913 427 964 tu
442 905 563 978 pollens
579 903 655 967 urbe
668 904 791 980 nepods
804 904 900 964 aris.”

84 997 119 1050 55
134 989 224 1048 Dicta
236 990 318 1049 fidas
334 989 481 1062 sequitur.
511 994 631 1050 cenum
651 989 840 1052 celebramur
859 987 889 1046 in
905 987 983 1060 aris:

175 1072 238 1131 Nec
252 1071 350 1130 levior
366 1071 477 1144 quovis
493 1076 540 1131 est
557 1071 630 1130 milti
648 1071 763 1134 mensis
778 1072 886 1133 honor.
955 1131 957 1136 ,

133 1157 195 1216 Neo
208 1162 309 1214 tamen
324 1153 405 1213 huno
424 1153 514 1212 nobis
534 1155 742 1218 tantummodo
763 1161 899 1229 praestat
918 1155 1065 1221 honorem

175 1241 281 1299 Roma.
311 1233 479 1297 suburbani
494 1236 567 1298 dant
580 1235 652 1296 mihi
668 1253 778 1299 munus
793 1238 884 1300 idem.
1081 1245 1083 1248 ·

134 1323 270 1398 Inspice,
288 1337 368 1396 quos
383 1317 495 1380 nabent
509 1319 673 1382 nemoralis
688 1319 791 1380 Aricia
805 1321 912 1396 fastos,
958 1321 963 1325 ’

82 1415 118 1470 60
173 1408 211 1466 Et
229 1405 364 1482 populus
379 1407 515 1466 Laurens
529 1402 761 1478 Lanuviumque
775 1405 891 1466 meum:

133 1491 189 1551 Est
202 1490 263 1548 illic
277 1489 392 1549 mensis
407 1487 565 1548 Iunonius.
595 1487 718 1562 Inspice
732 1485 823 1548 Tibur
844 1533 849 1540 ,

176 1573 214 1632 Et
227 1571 442 1633 Praenestinae
454 1571 578 1635 ,marma
588 1585 679 1632 saera
690 1571 786 1630 deser

120 1657 281 1718 lunonale
293 1657 380 1730 leges
397 1661 528 1730 tempus.
557 1653 619 1712 Nec
635 1653 785 1716 Romulus
801 1653 868 1714 illas

178 1740 329 1800 Condidit.
361 1747 391 1798 at
406 1739 501 1797 nostri
516 1737 615 1798 Roma
628 1737 749 1812 nepotis
765 1739 851 1795 erat!
888 1777 890 1780 -

82 1833 119 1886 65
134 1822 266 1882 Finierat
279 1823 365 1883 Iuno.
391 1821 615 1897 Respeximus
637 1821 776 1900 Herculis
792 1836 871 1883 uxor

177 1905 297 1980 Stabat,
320 1913 349 1964 et
364 1906 394 1964 in
409 1907 495 1966 voltu
511 1905 600 1979 signa
615 1903 747 1968 dolantis
763 1909 858 1965 erant,
929 1934 931 1937 v

136 1991 213 2050 ‘Non
232 2005 306 2064 ego,
325 1990 351 2050 si
366 1995 430 2049 toto
445 1996 541 2051 mater
555 2003 604 2048 me
619 1989 729 2052 sedere
744 1988 830 2052 caelo

141 2151 146 2155 .
178 2075 320 2146 iusserit,
336 2073 430 2134 invita
443 2079 538 2134 matre
552 2071 707 2133 morabor’
723 2072 773 2132 ait.
880 2132 882 2134 ,

135 2159 233 2218 ‘Nunc
250 2173 375 2232 quoque
389 2173 450 2216 non
462 2157 563 2218 luctor
578 2155 753 2218 denomino
768 2154 914 2230 temporis
929 2154 1036 2226 huius:

80 2250 118 2306 70
174 2241 335 2316 Blandior,
352 2248 381 2300 et
395 2247 498 2316 partes
513 2255 613 2316 paene
631 2240 768 2314 rogantis
784 2255 853 2314 ago,
906 2283 908 2290 ι

131 2323 273 2399 Remquc
287 2325 346 2384 rnei
364 2325 439 2384 iuris
453 2324 555 2384 malim
569 2325 705 2386 tenuisse
720 2323 890 2398 precando:

176 2409 214 2467 Et
228 2409 334 2468 faveas
350 2423 463 2467 causae
478 2407 606 2468 forsitan
620 2407 690 2481 ipse
704 2422 800 2468 nteae.

132 2492 237 2552 Aurea
251 2489 393 2566 possedit
408 2491 494 2550 socio
510 2490 659 2564 Capitolia
673 2491 786 2564 templo

176 2575 332 2650 Macen-et
341 2581 375 2634 ut
388 2572 493 2646 debet,
509 2589 578 2633 curn
592 2573 666 2635 love
679 2589 800 2634 summa
820 2578 923 2636 tenet

80 2667 115 2722 75
128 2659 170 2719 nt
183 2661 279 2719 decus
295 2674 385 2720 omne
403 2657 476 2716 milri
493 2657 640 2732 contingit
656 2657 771 2732 origine
785 2657 911 2720 mensis.

176 2743 292 2802 Unicus
308 2750 368 2816 est,
385 2742 424 2800 de
443 2757 503 2814 quo
520 2741 732 2815 sollicitamur,
747 2742 856 2803 honor.

134 2825 212 2900 Quid
227 2842 337 2906 grave,
353 2827 380 2885 si
394 2825 511 2885 titulum
525 2825 655 2900 mensis,
675 2825 827 2899 Romane,
843 2824 954 2886 dedisti

176 2906 317 2970 Herculis
332 2911 436 2980 uxori,
457 2909 683 2984 posteritasque
697 2916 835 2969 memor?

133 2993 217 3054 llaec
232 3009 357 3070 quoque
367 2999 448 3053 terra
463 2993 579 3067 aliquid
593 2992 684 3053 debet
698 2993 771 3053 milti
787 2991 910 3052 nomine
921 2993 1020 3068 magni

81 3085 118 3140 80
173 3077 326 3154 Coniugis.
358 3077 419 3137 ltue
435 3083 540 3154 euplus
555 3079 673 3152 appulit
686 3077 737 3137 illo
750 3078 860 3138 boves.

133 3161 189 3222 Ilio
202 3165 282 3222 male
297 3163 444 3222 defensus
464 3160 594 3221 flammis
614 3169 645 3222 et
658 3163 729 3222 dote
745 3168 872 3236 paterna

177 3245 275 3306 Cacus
289 3247 470 3306 Aventinam
487 3247 635 3320 sanguine
649 3241 737 3306 tinuit
750 3246 885 3308 humum.

134 3328 184 3388 Ad
198 3331 346 3405 propiora
362 3345 466 3392 vocor.
494 3330 642 3404 Populum
658 3329 788 3404 digessit
802 3331 841 3392 ab
856 3328 944 3390 annis

176 3413 341 3488 Romulus,
356 3414 387 3473 in
402 3427 505 3489 partes
521 3413 735 3488 distribuitque
749 3414 839 3476 duas.

83 3501 117 3557 85
131 3493 214 3558 Haec
224 3499 306 3558 'dare
321 3499 494 3573 eonsilium,
510 3513 647 3574 pugnare
665 3497 799 3574 paratior
815 3496 867 3556 illa
881 3501 943 3558 est:
