2520 4008
487 187 518 230 v.
539 169 717 236 298-373.

215 324 342 390 Ultores
357 322 480 398 rapiant
494 327 583 399 turpe
597 324 732 384 cadaver
745 325 828 402 equi.

174 410 309 474 Viscera
324 403 371 467 sic
385 406 498 482 aliquis
514 406 662 482 scopulus
676 414 730 469 tua
743 409 831 484 ligat,
848 417 881 472 ut
891 408 963 474 olim

218 493 297 556 Fixa
310 489 371 552 sub
383 488 522 552 Euboico
539 488 631 550 Graia
646 490 733 551 luere
748 491 829 552 sinu.

176 577 280 652 thue
292 573 383 634 ferox
397 573 487 648 periit
501 577 531 634 et
545 573 671 634 fulmine
685 579 715 634 et
729 589 865 651 aequore
879 585 993 654 raptor,

108 667 166 729 eto
207 659 274 721 *Sic
287 663 319 718 te
332 671 490 718 mersuras
506 656 631 719 adiuvet
645 656 725 732 ignis
739 674 848 734 aquas.

175 744 264 810 Mens
280 753 408 818 quoque
420 739 466 800 sio
478 739 579 802 Famis
593 739 705 802 vecors
720 743 864 819 agitetur,
877 751 912 806 ut
925 743 977 820 illi,

218 827 319 890 Unum
333 823 385 900 qui
399 829 465 884 toto
480 837 614 900 eorpore
628 826 740 886 vulnus
755 825 865 888 habeta

175 910 278 986 thue
291 907 481 986 Dryantidae
494 907 681 983 Rhodopeia
694 921 790 984 regna
803 911 925 986 tenenti,

219 994 253 1052 ln
268 992 391 1066 gemino
405 990 513 1067 dispar
529 991 577 1051 cni
592 991 672 1067 pede
686 993 785 1054 cultus
799 1001 879 1056 erat=
972 1069 973 1074 ἵ

109 1077 217 1139 333113
230 1075 285 1135 tuit
301 1073 417 1135 Oetaeo
432 1074 603 1150 quondam,
618 1089 796 1151 generoque
811 1077 989 1154 draconum,

217 1157 433 1232 Tisamenique
447 1156 543 1234 patri,
560 1157 791 1234 Callirhoesque
804 1161 882 1220 viro.

176 1243 238 1304 Nee
252 1239 306 1303 tibi
320 1241 475 1316 contingat
488 1243 628 1302 matram
641 1241 782 1318 pudicior
794 1242 855 1320 illa,

219 1324 284 1401 Qua
297 1324 398 1402 potuit
409 1323 537 1402 tydeus
552 1323 715 1386 erubuisse
728 1341 821 1388 nurus

177 1407 324 1484 Quaeque
337 1408 386 1469 sui
402 1407 657 1469 veneremiunxit
671 1410 846 1472 cumfratre
862 1410 969 1487 mariti,

108 1501 164 1558 333
217 1490 326 1553 Locris
338 1491 370 1552 in
391 1491 521 1552 andssae'
535 1491 728 1555 dissimulata
741 1507 828 1554 nece.

176 1576 250 1637 Tam
264 1588 404 1652 quoque,
420 1575 452 1635 di
467 1575 595 1650 sanant,
615 1575 720 1651 possis
735 1577 871 1652 madere
884 1576 969 1639 fideli

220 1657 368 1734 coniuge,
386 1659 576 1734 quam'Talai
589 1658 804 1737 Tyndareique
818 1674 927 1736 gener:

177 1742 322 1818 Quaeque
335 1753 446 1818 parare
461 1742 527 1803 suis
542 1743 635 1803 letum
649 1743 838 1819 patruelibus
853 1758 949 1806 ausae

214 1825 339 1886 Belides
353 1826 480 1887 assidua
495 1826 575 1886 colla
588 1833 765 1901 premuntur
779 1843 871 1904 aqua.

106 1914 163 1974 355
177 1907 330 1986 Byblidos
344 1916 375 1970 et
392 1909 546 1983 Canaces,
563 1911 644 1988 sicut
657 1909 751 1987 lueis,
766 1912 872 1972 ardeat
886 1911 967 1988 igne,

218 1990 282 2052 Neo
295 1991 354 2052 nisi
367 2005 425 2068 per
438 1991 553 2054 crimen
567 1991 608 2055 sit
621 1992 673 2055 tibi
687 1993 752 2055 fida
766 2008 866 2055 soror.

176 2073 252 2134 Filia
265 2074 293 2135 si
307 2075 411 2151 luerit,
427 2075 466 2137 sit
481 2075 567 2152 quod
580 2077 726 2155 Pelopeia
738 2077 900 2155 llryestae,

217 2157 343 2234 Myrrha
357 2171 416 2221 sao
430 2160 524 2236 patri,
538 2160 778 2236 Nyctimeneque
793 2176 862 2222 suo.

176 2239 260 2302 Neve
276 2242 375 2318 magis
389 2241 443 2320 pia
456 2243 495 2304 sit
509 2245 664 2320 capitique
677 2245 813 2320 paream
828 2242 934 2318 amica,

108 2341 166 2397 seo
220 2323 317 2398 Quam
331 2340 390 2388 sua
404 2327 453 2386 vel
466 2326 616 2402 Pterelae,
630 2329 681 2387 vel
695 2325 765 2401 tibi,
779 2327 866 2401 Nise,
882 2327 953 2388 luite

177 2407 388 2483 infamemque
401 2410 504 2470 locum
519 2411 645 2472 sceleris
659 2421 740 2486 quae
754 2411 877 2473 nomine
890 2411 971 2486 iecit,

216 2489 333 2552 Pressit
347 2499 377 2553 ot
390 2491 525 2555 induetis
538 2493 674 2555 membra
688 2501 817 2570 patema
830 2495 916 2556 rotis.

175 2573 216 2634 Ut
229 2572 501 2654 iuvenespereas‚
516 2579 654 2654 proiecta
669 2577 822 2648 cadauera
837 2592 968 2652 quorum

219 2655 342 2732 Oraque
354 2656 482 2721 Pisaeae
496 2661 669 2724 sustinuere
684 2660 783 2721 ioresa

102 2749 161 2809 365
175 2739 217 2802 Ut
230 2740 455 2817 quiperlnsam
467 2743 649 2808 miserorum
663 2743 939 2819 caede-procorum

218 2823 291 2898 Ipse
305 2841 363 2886 suo
378 2827 488 2888 melius
504 2828 655 2904 sangiune
667 2827 756 2888 tinxit
769 2826 910 2888 humum

173 2905 319 2968 Proditor
330 2916 366 2969 ut
379 2911 465 2971 saevi
479 2911 569 2987 perlit
582 2911 689 2986 auriga
702 2909 833 2988 tyranni,

219 2988 276 3064 oni
290 3007 374 3052 nova
386 2993 527 3070 Myrtoae
542 2995 667 3057 nomina
681 2995 753 3055 iecit
767 3009 882 3070 aqueae
913 3038 916 3042 .

173 3071 216 3133 ut
229 3073 283 3149 qui
296 3072 435 3151 velocem
450 3077 548 3140 lrusla
561 3078 678 3156 petiere
692 3079 834 3155 puellam,

99 3158 163 3218 373
220 3156 300 3218 Dum
314 3158 396 3222 faeta
410 3167 459 3221 est
472 3161 574 3238 pomis
586 3163 705 3225 tardior
717 3163 769 3222 illa
781 3160 894 3221 tribus=
928 3181 932 3185 ·

172 3239 216 3302 Ul
230 3241 285 3316 qui
299 3247 382 3304 tecta
393 3245 467 3306 novi
481 3245 610 3310 formam
625 3246 756 3307 celantia
768 3243 897 3306 monstri

217 3321 373 3388 Intrarunt
386 3341 499 3390 caecae
512 3345 575 3390 non
589 3329 749 3392 redeunda
762 3328 889 3390 domus.

171 3403 217 3468 tit
231 3423 365 3484 quorum
378 3410 532 3477 madidos
546 3413 627 3475 misit
640 3415 795 3474 violentus
809 3411 840 3471 in
854 3409 948 3471 altum
1075 3409 1081 3436 ³
