<?xml version="1.0" encoding="UTF-8"?>
<!DOCTYPE html PUBLIC "-//W3C//DTD XHTML 1.0 Transitional//EN"
    "http://www.w3.org/TR/xhtml1/DTD/xhtml1-transitional.dtd">
<html xmlns="http://www.w3.org/1999/xhtml" xml:lang="en" lang="en">
 <head>
  <title>
</title>
<meta http-equiv="Content-Type" content="text/html;charset=utf-8" />
  <meta name='ocr-system' content='tesseract 3.04.00' />
  <meta name='ocr-capabilities' content='ocr_page ocr_carea ocr_par ocr_line ocrx_word'/>
</head>
<body>
  <div class='ocr_page' id='page_1' title='image "./povidiusnaso01merkgoog_0224.png"; bbox 0 0 2524 4004; ppageno 0'>
   <div class='ocr_carea' id='block_1_1' title="bbox 485 181 1117 318">
    <p class='ocr_par' dir='ltr' id='par_1_1' title="bbox 485 181 1117 318">
     <span class='ocr_line' id='line_1_1' title="bbox 485 181 1117 318; baseline 0.003 -28"><span class='ocrx_word' id='word_1_1' title='bbox 485 233 514 308; x_wconf 89' lang='lat' dir='ltr'><strong>r,</strong></span> <span class='ocrx_word' id='word_1_2' title='bbox 535 227 734 318; x_wconf 70' lang='lat' dir='ltr'><strong>ras-ers.3</strong></span> <span class='ocrx_word' id='word_1_3' title='bbox 1019 189 1022 197; x_wconf 72' lang='grc'><strong>’</strong></span> <span class='ocrx_word' id='word_1_4' title='bbox 1049 181 1117 301; x_wconf 69' lang='lat' dir='ltr'><strong>rm</strong></span> 
     </span>
    </p>
   </div>
   <div class='ocr_carea' id='block_1_2' title="bbox 178 380 1027 543">
    <p class='ocr_par' dir='ltr' id='par_1_2' title="bbox 178 380 1027 543">
     <span class='ocr_line' id='line_1_2' title="bbox 178 380 1027 462; baseline 0.004 -18"><span class='ocrx_word' id='word_1_5' title='bbox 178 381 317 458; x_wconf 89' lang='lat' dir='ltr'><strong>luppiter</strong></span> <span class='ocrx_word' id='word_1_6' title='bbox 330 380 362 442; x_wconf 90' lang='lat' dir='ltr'><strong>in</strong></span> <span class='ocrx_word' id='word_1_7' title='bbox 376 387 463 455; x_wconf 83' lang='lat' dir='ltr'><strong>parte</strong></span> <span class='ocrx_word' id='word_1_8' title='bbox 477 388 534 442; x_wconf 87' lang='lat' dir='ltr'><strong>est.</strong></span> <span class='ocrx_word' id='word_1_9' title='bbox 546 383 644 457; x_wconf 39' lang='lat' dir='ltr'><strong>*cepit</strong></span> <span class='ocrx_word' id='word_1_10' title='bbox 654 385 746 460; x_wconf 85' lang='lat' dir='ltr'><strong>¹locus</strong></span> <span class='ocrx_word' id='word_1_11' title='bbox 761 399 842 445; x_wconf 89' lang='lat' dir='ltr'><strong>unus</strong></span> <span class='ocrx_word' id='word_1_12' title='bbox 855 390 1027 462; x_wconf 80' lang='lat' dir='ltr'><strong>utrumque</strong></span> 
     </span>
     <span class='ocr_line' id='line_1_3' title="bbox 220 465 947 543; baseline 0.004 -18"><span class='ocrx_word' id='word_1_13' title='bbox 220 465 392 538; x_wconf 70' lang='lat' dir='ltr'>Iunctaque.</span> <span class='ocrx_word' id='word_1_14' title='bbox 402 470 472 524; x_wconf 90' lang='lat' dir='ltr'><strong>sunt</strong></span> <span class='ocrx_word' id='word_1_15' title='bbox 486 480 598 540; x_wconf 84' lang='lat' dir='ltr'><strong>magno</strong></span> <span class='ocrx_word' id='word_1_16' title='bbox 612 467 726 540; x_wconf 87' lang='lat' dir='ltr'><strong>templa</strong></span> <span class='ocrx_word' id='word_1_17' title='bbox 740 469 861 543; x_wconf 80' lang='lat' dir='ltr'><strong>nepotis</strong></span> <span class='ocrx_word' id='word_1_18' title='bbox 876 483 947 530; x_wconf 89' lang='lat' dir='ltr'><strong>avo.</strong></span> 
     </span>
    </p>
   </div>
   <div class='ocr_carea' id='block_1_3' title="bbox 112 553 1090 800">
    <p class='ocr_par' dir='ltr' id='par_1_3' title="bbox 112 553 1090 800">
     <span class='ocr_line' id='line_1_4' title="bbox 401 553 814 660; baseline 0.005 -4"><span class='ocrx_word' id='word_1_19' title='bbox 401 594 431 656; x_wconf 77' lang='lat' dir='ltr'><strong>a.</strong></span> <span class='ocrx_word' id='word_1_20' title='bbox 453 595 509 654; x_wconf 81' lang='lat' dir='ltr'><strong>sn</strong></span> <span class='ocrx_word' id='word_1_21' title='bbox 540 581 581 654; x_wconf 79' lang='lat' dir='ltr'><strong>&#39;a</strong></span> <span class='ocrx_word' id='word_1_22' title='bbox 603 553 655 657; x_wconf 77' lang='lat' dir='ltr'><strong>oc</strong></span> <span class='ocrx_word' id='word_1_23' title='bbox 697 595 729 660; x_wconf 72' lang='lat' dir='ltr'><strong>r</strong></span> <span class='ocrx_word' id='word_1_24' title='bbox 751 597 814 658; x_wconf 87' lang='lat' dir='ltr'><strong>no</strong></span> 
     </span>
     <span class='ocr_line' id='line_1_5' title="bbox 112 707 1090 800; baseline 0.002 -18"><span class='ocrx_word' id='word_1_25' title='bbox 112 725 165 784; x_wconf 70' lang='lat'><strong>295</strong></span> <span class='ocrx_word' id='word_1_26' title='bbox 180 718 253 795; x_wconf 77' lang='lat' dir='ltr'><strong>ouis</strong></span> <span class='ocrx_word' id='word_1_27' title='bbox 267 721 352 776; x_wconf 88' lang='lat' dir='ltr'><strong>vetat</strong></span> <span class='ocrx_word' id='word_1_28' title='bbox 364 721 394 776; x_wconf 90' lang='lat' dir='ltr'><strong>et</strong></span> <span class='ocrx_word' id='word_1_29' title='bbox 408 715 530 788; x_wconf 87' lang='lat' dir='ltr'><strong>stellas,</strong></span> <span class='ocrx_word' id='word_1_30' title='bbox 546 722 580 776; x_wconf 91' lang='lat' dir='ltr'><strong>ut</strong></span> <span class='ocrx_word' id='word_1_31' title='bbox 594 733 736 793; x_wconf 87' lang='lat' dir='ltr'><strong>quaeque</strong></span> <span class='ocrx_word' id='word_1_32' title='bbox 751 719 908 794; x_wconf 84' lang='lat' dir='ltr'><strong>oriturque</strong></span> <span class='ocrx_word' id='word_1_33' title='bbox 923 721 1074 800; x_wconf 78' lang='lat' dir='ltr'>caditque,</span> <span class='ocrx_word' id='word_1_34' title='bbox 1089 707 1090 712; x_wconf 6' lang='grc' dir='ltr'>ἵ</span> 
     </span>
    </p>
   </div>
   <div class='ocr_carea' id='block_1_4' title="bbox 114 799 1206 2549">
    <p class='ocr_par' dir='ltr' id='par_1_4' title="bbox 114 799 1206 2048">
     <span class='ocr_line' id='line_1_6' title="bbox 220 799 885 878; baseline 0 -16"><span class='ocrx_word' id='word_1_35' title='bbox 220 799 352 862; x_wconf 76' lang='lat' dir='ltr'><strong>Diceret</strong></span> <span class='ocrx_word' id='word_1_36' title='bbox 378 799 525 874; x_wconf 85' lang='lat' dir='ltr'><strong>promissi</strong></span> <span class='ocrx_word' id='word_1_37' title='bbox 542 815 614 874; x_wconf 87' lang='lat' dir='ltr'><strong>pars</strong></span> <span class='ocrx_word' id='word_1_38' title='bbox 636 801 676 861; x_wconf 90' lang='lat' dir='ltr'><strong>sit</strong></span> <span class='ocrx_word' id='word_1_39' title='bbox 690 808 720 862; x_wconf 93' lang='lat' dir='ltr'><strong>et</strong></span> <span class='ocrx_word' id='word_1_40' title='bbox 734 802 803 878; x_wconf 90' lang='lat' dir='ltr'><strong>ipsa</strong></span> <span class='ocrx_word' id='word_1_41' title='bbox 816 803 885 863; x_wconf 91' lang='lat' dir='ltr'><strong>mei.</strong></span> 
     </span>
     <span class='ocr_line' id='line_1_7' title="bbox 178 881 994 963; baseline 0.002 -16"><span class='ocrx_word' id='word_1_42' title='bbox 178 883 296 946; x_wconf 78' lang='lat' dir='ltr'><strong>Felices</strong></span> <span class='ocrx_word' id='word_1_43' title='bbox 311 882 445 955; x_wconf 85' lang='lat' dir='ltr'><strong>animae,</strong></span> <span class='ocrx_word' id='word_1_44' title='bbox 462 881 575 958; x_wconf 89' lang='lat' dir='ltr'><strong>quibus</strong></span> <span class='ocrx_word' id='word_1_45' title='bbox 590 883 667 958; x_wconf 83' lang='lat' dir='ltr'><strong>haec</strong></span> <span class='ocrx_word' id='word_1_46' title='bbox 682 901 872 960; x_wconf 83' lang='lat' dir='ltr'><strong>cognoscere</strong></span> <span class='ocrx_word' id='word_1_47' title='bbox 887 887 994 963; x_wconf 92' lang='lat' dir='ltr'><strong>primis</strong></span> 
     </span>
     <span class='ocr_line' id='line_1_8' title="bbox 219 967 931 1044; baseline 0.003 -17"><span class='ocrx_word' id='word_1_48' title='bbox 219 968 318 1044; x_wconf 88' lang='lat' dir='ltr'><strong>Inque</strong></span> <span class='ocrx_word' id='word_1_49' title='bbox 332 967 443 1026; x_wconf 86' lang='lat' dir='ltr'><strong>domus</strong></span> <span class='ocrx_word' id='word_1_50' title='bbox 458 968 589 1042; x_wconf 85' lang='lat' dir='ltr'><strong>superas</strong></span> <span class='ocrx_word' id='word_1_51' title='bbox 605 969 756 1028; x_wconf 81' lang='lat' dir='ltr'><strong>scandere</strong></span> <span class='ocrx_word' id='word_1_52' title='bbox 771 985 846 1030; x_wconf 89' lang='lat' dir='ltr'><strong>cura</strong></span> <span class='ocrx_word' id='word_1_53' title='bbox 859 971 931 1032; x_wconf 87' lang='lat' dir='ltr'><strong>iuitt</strong></span> 
     </span>
     <span class='ocr_line' id='line_1_9' title="bbox 163 1049 917 1129; baseline 0.003 -17"><span class='ocrx_word' id='word_1_54' title='bbox 163 1050 329 1129; x_wconf 76' lang='lat' dir='ltr'><strong>¹Credibile</strong></span> <span class='ocrx_word' id='word_1_55' title='bbox 344 1056 392 1111; x_wconf 90' lang='lat' dir='ltr'><strong>est</strong></span> <span class='ocrx_word' id='word_1_56' title='bbox 405 1050 474 1110; x_wconf 91' lang='lat' dir='ltr'><strong>illos</strong></span> <span class='ocrx_word' id='word_1_57' title='bbox 490 1049 604 1124; x_wconf 86' lang='lat' dir='ltr'><strong>pariter</strong></span> <span class='ocrx_word' id='word_1_58' title='bbox 618 1051 764 1127; x_wconf 87' lang='lat' dir='ltr'><strong>vitiisque</strong></span> <span class='ocrx_word' id='word_1_59' title='bbox 778 1053 917 1129; x_wconf 86' lang='lat' dir='ltr'><strong>locisque</strong></span> 
     </span>
     <span class='ocr_line' id='line_1_10' title="bbox 115 1129 772 1210; baseline 0.005 -16"><span class='ocrx_word' id='word_1_60' title='bbox 115 1149 169 1204; x_wconf 78' lang='lat'><strong>300</strong></span> <span class='ocrx_word' id='word_1_61' title='bbox 224 1133 322 1194; x_wconf 87' lang='lat' dir='ltr'><strong>Altius</strong></span> <span class='ocrx_word' id='word_1_62' title='bbox 338 1129 482 1194; x_wconf 83' lang='lat' dir='ltr'><strong>humanis</strong></span> <span class='ocrx_word' id='word_1_63' title='bbox 498 1134 657 1194; x_wconf 80' lang='lat' dir='ltr'><strong>exeruisse</strong></span> <span class='ocrx_word' id='word_1_64' title='bbox 672 1141 772 1210; x_wconf 79' lang='lat' dir='ltr'><strong>ceput.</strong></span> 
     </span>
     <span class='ocr_line' id='line_1_11' title="bbox 178 1217 936 1294; baseline -0.001 -15"><span class='ocrx_word' id='word_1_65' title='bbox 178 1218 245 1279; x_wconf 92' lang='lat' dir='ltr'><strong>Non</strong></span> <span class='ocrx_word' id='word_1_66' title='bbox 259 1218 367 1278; x_wconf 87' lang='lat' dir='ltr'><strong>Venus</strong></span> <span class='ocrx_word' id='word_1_67' title='bbox 382 1220 412 1276; x_wconf 92' lang='lat' dir='ltr'><strong>et</strong></span> <span class='ocrx_word' id='word_1_68' title='bbox 425 1217 530 1277; x_wconf 85' lang='lat' dir='ltr'><strong>vinum</strong></span> <span class='ocrx_word' id='word_1_69' title='bbox 546 1217 687 1278; x_wconf 89' lang='lat' dir='ltr'><strong>sublimia</strong></span> <span class='ocrx_word' id='word_1_70' title='bbox 699 1225 826 1292; x_wconf 86' lang='lat' dir='ltr'><strong>pectora</strong></span> <span class='ocrx_word' id='word_1_71' title='bbox 840 1219 936 1294; x_wconf 87' lang='lat' dir='ltr'><strong>tregit,</strong></span> 
     </span>
     <span class='ocr_line' id='line_1_12' title="bbox 199 1299 836 1374; baseline -0.005 -13"><span class='ocrx_word' id='word_1_72' title='bbox 199 1324 204 1332; x_wconf 83' lang='grc'><em>·</em></span> <span class='ocrx_word' id='word_1_73' title='bbox 223 1299 402 1362; x_wconf 83' lang='lat' dir='ltr'><strong>Officiumve</strong></span> <span class='ocrx_word' id='word_1_74' title='bbox 416 1300 490 1374; x_wconf 86' lang='lat' dir='ltr'><strong>lori,</strong></span> <span class='ocrx_word' id='word_1_75' title='bbox 506 1300 669 1360; x_wconf 90' lang='lat' dir='ltr'><strong>militiaeve</strong></span> <span class='ocrx_word' id='word_1_76' title='bbox 682 1299 779 1370; x_wconf 85' lang='lat' dir='ltr'><strong>labor.</strong></span> <span class='ocrx_word' id='word_1_77' title='bbox 835 1355 836 1358; x_wconf 74' lang='grc'>,</span> 
     </span>
     <span class='ocr_line' id='line_1_13' title="bbox 178 1384 897 1460; baseline 0.004 -16"><span class='ocrx_word' id='word_1_78' title='bbox 178 1385 241 1446; x_wconf 89' lang='lat' dir='ltr'><strong>Nee</strong></span> <span class='ocrx_word' id='word_1_79' title='bbox 255 1384 332 1444; x_wconf 91' lang='lat' dir='ltr'><strong>levis</strong></span> <span class='ocrx_word' id='word_1_80' title='bbox 347 1385 486 1458; x_wconf 84' lang='lat' dir='ltr'><strong>ambitio,</strong></span> <span class='ocrx_word' id='word_1_81' title='bbox 503 1385 691 1460; x_wconf 73' lang='lat' dir='ltr'><strong>perfusaque</strong></span> <span class='ocrx_word' id='word_1_82' title='bbox 704 1385 803 1460; x_wconf 88' lang='lat' dir='ltr'><strong>gloria</strong></span> <span class='ocrx_word' id='word_1_83' title='bbox 816 1385 897 1460; x_wconf 86' lang='lat' dir='ltr'><strong>luco,</strong></span> 
     </span>
     <span class='ocr_line' id='line_1_14' title="bbox 220 1465 884 1544; baseline -0.005 -15"><span class='ocrx_word' id='word_1_84' title='bbox 220 1469 462 1544; x_wconf 72' lang='lat' dir='ltr'><strong>Magnetumque</strong></span> <span class='ocrx_word' id='word_1_85' title='bbox 475 1469 572 1529; x_wconf 85' lang='lat' dir='ltr'><strong>tames</strong></span> <span class='ocrx_word' id='word_1_86' title='bbox 589 1469 765 1529; x_wconf 89' lang='lat' dir='ltr'><strong>sollicitavit</strong></span> <span class='ocrx_word' id='word_1_87' title='bbox 779 1465 884 1544; x_wconf 87' lang='lat' dir='ltr'><strong>opum.</strong></span> 
     </span>
     <span class='ocr_line' id='line_1_15' title="bbox 115 1551 891 1625; baseline -0.003 -11"><span class='ocrx_word' id='word_1_88' title='bbox 115 1559 168 1617; x_wconf 77' lang='lat'><strong>³05</strong></span> <span class='ocrx_word' id='word_1_89' title='bbox 183 1551 358 1613; x_wconf 85' lang='lat' dir='ltr'><strong>Admovere</strong></span> <span class='ocrx_word' id='word_1_90' title='bbox 373 1552 471 1615; x_wconf 10' lang='lat' dir='ltr'><strong>osculis</strong></span> <span class='ocrx_word' id='word_1_91' title='bbox 487 1552 632 1613; x_wconf 87' lang='lat' dir='ltr'><strong>distantia</strong></span> <span class='ocrx_word' id='word_1_92' title='bbox 650 1553 754 1614; x_wconf 89' lang='lat' dir='ltr'><strong>sidera</strong></span> <span class='ocrx_word' id='word_1_93' title='bbox 767 1553 891 1625; x_wconf 91' lang='lat' dir='ltr'><strong>nostris,</strong></span> 
     </span>
     <span class='ocr_line' id='line_1_16' title="bbox 221 1635 992 1714; baseline 0 -18"><span class='ocrx_word' id='word_1_94' title='bbox 221 1635 416 1711; x_wconf 74' lang='lat' dir='ltr'><strong>Aetheraque</strong></span> <span class='ocrx_word' id='word_1_95' title='bbox 430 1637 552 1711; x_wconf 92' lang='lat' dir='ltr'><strong>ingenio</strong></span> <span class='ocrx_word' id='word_1_96' title='bbox 568 1651 763 1714; x_wconf 78' lang='lat' dir='ltr'><strong>supposuere</strong></span> <span class='ocrx_word' id='word_1_97' title='bbox 778 1652 845 1697; x_wconf 88' lang='lat' dir='ltr'><strong>suo.</strong></span> <span class='ocrx_word' id='word_1_98' title='bbox 988 1639 992 1644; x_wconf 81' lang='grc'><strong>“</strong></span> 
     </span>
     <span class='ocr_line' id='line_1_17' title="bbox 180 1717 1206 1796; baseline -0.001 -16"><span class='ocrx_word' id='word_1_99' title='bbox 180 1718 231 1781; x_wconf 90' lang='lat' dir='ltr'><strong>Sic</strong></span> <span class='ocrx_word' id='word_1_100' title='bbox 245 1719 358 1796; x_wconf 91' lang='lat' dir='ltr'><strong>petitur</strong></span> <span class='ocrx_word' id='word_1_101' title='bbox 372 1721 501 1782; x_wconf 86' lang='lat' dir='ltr'><strong>caelum.</strong></span> <span class='ocrx_word' id='word_1_102' title='bbox 531 1736 593 1781; x_wconf 90' lang='lat' dir='ltr'><strong>non</strong></span> <span class='ocrx_word' id='word_1_103' title='bbox 607 1728 640 1780; x_wconf 90' lang='lat' dir='ltr'><strong>ut</strong></span> <span class='ocrx_word' id='word_1_104' title='bbox 654 1720 732 1780; x_wconf 86' lang='lat' dir='ltr'><strong>ierat</strong></span> <span class='ocrx_word' id='word_1_105' title='bbox 745 1719 846 1796; x_wconf 83' lang='lat' dir='ltr'><strong>Ossan</strong></span> <span class='ocrx_word' id='word_1_106' title='bbox 864 1717 1022 1796; x_wconf 78' lang='lat' dir='ltr'><strong>Olympus,</strong></span> <span class='ocrx_word' id='word_1_107' title='bbox 1038 1718 1044 1724; x_wconf 78' lang='grc'><strong>’</strong></span> <span class='ocrx_word' id='word_1_108' title='bbox 1172 1737 1174 1742; x_wconf 54' lang='lat'><strong>⁴</strong></span> <span class='ocrx_word' id='word_1_109' title='bbox 1199 1727 1206 1736; x_wconf 87' lang='grc'>·</span> 
     </span>
     <span class='ocr_line' id='line_1_18' title="bbox 222 1803 1153 1880; baseline -0.003 -18"><span class='ocrx_word' id='word_1_110' title='bbox 222 1804 356 1880; x_wconf 86' lang='lat' dir='ltr'><strong>Ipsaque</strong></span> <span class='ocrx_word' id='word_1_111' title='bbox 369 1804 507 1864; x_wconf 86' lang='lat' dir='ltr'><strong>Peliacus</strong></span> <span class='ocrx_word' id='word_1_112' title='bbox 523 1803 627 1864; x_wconf 89' lang='lat' dir='ltr'><strong>sidera</strong></span> <span class='ocrx_word' id='word_1_113' title='bbox 641 1809 744 1878; x_wconf 76' lang='lat' dir='ltr'><strong>tangat</strong></span> <span class='ocrx_word' id='word_1_114' title='bbox 758 1818 848 1878; x_wconf 86' lang='lat' dir='ltr'><strong>apex.</strong></span> <span class='ocrx_word' id='word_1_115' title='bbox 1151 1808 1153 1814; x_wconf 85' lang='lat'>&#39;</span> 
     </span>
     <span class='ocr_line' id='line_1_19' title="bbox 179 1885 1013 1966; baseline -0.004 -19"><span class='ocrx_word' id='word_1_116' title='bbox 179 1887 244 1950; x_wconf 91' lang='lat' dir='ltr'><strong>Nos</strong></span> <span class='ocrx_word' id='word_1_117' title='bbox 260 1904 385 1966; x_wconf 87' lang='lat' dir='ltr'><strong>quoque</strong></span> <span class='ocrx_word' id='word_1_118' title='bbox 400 1887 458 1959; x_wconf 89' lang='lat' dir='ltr'><strong>sub</strong></span> <span class='ocrx_word' id='word_1_119' title='bbox 474 1887 604 1948; x_wconf 88' lang='lat' dir='ltr'><strong>ducibus</strong></span> <span class='ocrx_word' id='word_1_120' title='bbox 620 1887 738 1952; x_wconf 87' lang='lat' dir='ltr'><strong>caelum</strong></span> <span class='ocrx_word' id='word_1_121' title='bbox 752 1885 931 1946; x_wconf 84' lang='lat' dir='ltr'><strong>metabimur</strong></span> <span class='ocrx_word' id='word_1_122' title='bbox 944 1885 1013 1958; x_wconf 89' lang='lat' dir='ltr'><strong>illis,</strong></span> 
     </span>
     <span class='ocr_line' id='line_1_20' title="bbox 114 1968 870 2048; baseline 0 -21"><span class='ocrx_word' id='word_1_123' title='bbox 114 1972 167 2028; x_wconf 76' lang='lat'><strong>³10</strong></span> <span class='ocrx_word' id='word_1_124' title='bbox 222 1971 437 2048; x_wconf 69' lang='lat' dir='ltr'><strong>ponemusque</strong></span> <span class='ocrx_word' id='word_1_125' title='bbox 452 1987 528 2032; x_wconf 91' lang='lat' dir='ltr'><strong>suos</strong></span> <span class='ocrx_word' id='word_1_126' title='bbox 542 1968 582 2032; x_wconf 86' lang='lat' dir='ltr'><strong>ad</strong></span> <span class='ocrx_word' id='word_1_127' title='bbox 597 1986 677 2045; x_wconf 84' lang='lat' dir='ltr'><strong>vaga</strong></span> <span class='ocrx_word' id='word_1_128' title='bbox 690 1970 780 2044; x_wconf 86' lang='lat' dir='ltr'><strong>signa</strong></span> <span class='ocrx_word' id='word_1_129' title='bbox 793 1969 870 2030; x_wconf 90' lang='lat' dir='ltr'><strong>dies.</strong></span> 
     </span>
    </p>

    <p class='ocr_par' dir='ltr' id='par_1_5' title="bbox 179 2053 941 2299">
     <span class='ocr_line' id='line_1_21' title="bbox 179 2053 890 2130; baseline -0.006 -14"><span class='ocrx_word' id='word_1_130' title='bbox 179 2057 266 2130; x_wconf 53' lang='lat' dir='ltr'><strong>Ergo,</strong></span> <span class='ocrx_word' id='word_1_131' title='bbox 275 2055 328 2117; x_wconf 90' lang='lat' dir='ltr'><strong>ubi</strong></span> <span class='ocrx_word' id='word_1_132' title='bbox 343 2072 406 2115; x_wconf 85' lang='lat' dir='ltr'><strong>nox</strong></span> <span class='ocrx_word' id='word_1_133' title='bbox 420 2054 520 2116; x_wconf 85' lang='lat' dir='ltr'><strong>aderit</strong></span> <span class='ocrx_word' id='word_1_134' title='bbox 533 2054 669 2114; x_wconf 86' lang='lat' dir='ltr'><strong>venturis</strong></span> <span class='ocrx_word' id='word_1_135' title='bbox 683 2053 772 2114; x_wconf 87' lang='lat' dir='ltr'><strong>tertia</strong></span> <span class='ocrx_word' id='word_1_136' title='bbox 784 2053 890 2126; x_wconf 89' lang='lat' dir='ltr'><strong>Nonis,</strong></span> 
     </span>
     <span class='ocr_line' id='line_1_22' title="bbox 223 2135 912 2215; baseline -0.009 -15"><span class='ocrx_word' id='word_1_137' title='bbox 223 2137 403 2215; x_wconf 88' lang='lat' dir='ltr'><strong>Sparsaque</strong></span> <span class='ocrx_word' id='word_1_138' title='bbox 418 2139 542 2200; x_wconf 88' lang='lat' dir='ltr'><strong>caelesti</strong></span> <span class='ocrx_word' id='word_1_139' title='bbox 556 2153 627 2197; x_wconf 90' lang='lat' dir='ltr'><strong>rore</strong></span> <span class='ocrx_word' id='word_1_140' title='bbox 641 2136 776 2198; x_wconf 85' lang='lat' dir='ltr'><strong>madebit</strong></span> <span class='ocrx_word' id='word_1_141' title='bbox 790 2135 912 2208; x_wconf 90' lang='lat' dir='ltr'><strong>humus,</strong></span> 
     </span>
     <span class='ocr_line' id='line_1_23' title="bbox 181 2219 941 2299; baseline -0.013 -16"><span class='ocrx_word' id='word_1_142' title='bbox 181 2222 339 2299; x_wconf 89' lang='lat' dir='ltr'><strong>Octipedis</strong></span> <span class='ocrx_word' id='word_1_143' title='bbox 353 2225 466 2282; x_wconf 85' lang='lat' dir='ltr'><strong>trustra</strong></span> <span class='ocrx_word' id='word_1_144' title='bbox 481 2224 666 2297; x_wconf 81' lang='lat' dir='ltr'><strong>quaerentur</strong></span> <span class='ocrx_word' id='word_1_145' title='bbox 681 2219 806 2280; x_wconf 89' lang='lat' dir='ltr'><strong>brachia</strong></span> <span class='ocrx_word' id='word_1_146' title='bbox 821 2219 941 2280; x_wconf 85' lang='lat' dir='ltr'><strong>Cancri:</strong></span> 
     </span>
    </p>

    <p class='ocr_par' dir='ltr' id='par_1_6' title="bbox 115 2304 887 2549">
     <span class='ocr_line' id='line_1_24' title="bbox 141 2304 854 2384; baseline -0.006 -19"><span class='ocrx_word' id='word_1_147' title='bbox 141 2335 143 2341; x_wconf 95' lang='lat'>·</span> <span class='ocrx_word' id='word_1_148' title='bbox 221 2306 375 2384; x_wconf 85' lang='lat' dir='ltr'><strong>Praeceps</strong></span> <span class='ocrx_word' id='word_1_149' title='bbox 390 2306 537 2367; x_wconf 87' lang='lat' dir='ltr'><strong>occiduas</strong></span> <span class='ocrx_word' id='word_1_150' title='bbox 552 2305 603 2365; x_wconf 92' lang='lat' dir='ltr'><strong>ille</strong></span> <span class='ocrx_word' id='word_1_151' title='bbox 618 2304 732 2367; x_wconf 88' lang='lat' dir='ltr'><strong>subibit</strong></span> <span class='ocrx_word' id='word_1_152' title='bbox 747 2319 854 2378; x_wconf 86' lang='lat' dir='ltr'><strong>aquas.</strong></span> 
     </span>
     <span class='ocr_line' id='line_1_25' title="bbox 115 2386 887 2463; baseline -0.01 -11"><span class='ocrx_word' id='word_1_153' title='bbox 115 2395 168 2452; x_wconf 76' lang='lat'><strong>315</strong></span> <span class='ocrx_word' id='word_1_154' title='bbox 183 2391 349 2450; x_wconf 84' lang='lat' dir='ltr'><strong>Institerint</strong></span> <span class='ocrx_word' id='word_1_155' title='bbox 362 2390 483 2463; x_wconf 87' lang='lat' dir='ltr'><strong>Nonae,</strong></span> <span class='ocrx_word' id='word_1_156' title='bbox 498 2388 586 2450; x_wconf 89' lang='lat' dir='ltr'><strong>missi</strong></span> <span class='ocrx_word' id='word_1_157' title='bbox 600 2387 653 2449; x_wconf 91' lang='lat' dir='ltr'><strong>tibi</strong></span> <span class='ocrx_word' id='word_1_158' title='bbox 665 2387 799 2450; x_wconf 88' lang='lat' dir='ltr'><strong>nubibus</strong></span> <span class='ocrx_word' id='word_1_159' title='bbox 814 2386 887 2445; x_wconf 88' lang='lat' dir='ltr'><strong>atris</strong></span> 
     </span>
     <span class='ocr_line' id='line_1_26' title="bbox 174 2469 868 2549; baseline -0.012 -15"><span class='ocrx_word' id='word_1_160' title='bbox 174 2475 176 2478; x_wconf 82' lang='grc'><strong>’</strong></span> <span class='ocrx_word' id='word_1_161' title='bbox 222 2471 317 2548; x_wconf 88' lang='lat' dir='ltr'><strong>Signa</strong></span> <span class='ocrx_word' id='word_1_162' title='bbox 332 2473 449 2535; x_wconf 87' lang='lat' dir='ltr'><strong>dabunt</strong></span> <span class='ocrx_word' id='word_1_163' title='bbox 463 2472 591 2549; x_wconf 87' lang='lat' dir='ltr'><strong>imbres,</strong></span> <span class='ocrx_word' id='word_1_164' title='bbox 606 2469 764 2534; x_wconf 80' lang='lat' dir='ltr'><strong>exoriente</strong></span> <span class='ocrx_word' id='word_1_165' title='bbox 776 2471 868 2546; x_wconf 82' lang='lat' dir='ltr'><strong>Lyra.</strong></span> 
     </span>
    </p>
   </div>
   <div class='ocr_carea' id='block_1_5' title="bbox 132 2599 1073 2687">
    <p class='ocr_par' dir='ltr' id='par_1_7' title="bbox 132 2599 1073 2687">
     <span class='ocr_line' id='line_1_27' title="bbox 132 2599 1073 2687; baseline -0.009 -21"><span class='ocrx_word' id='word_1_166' title='bbox 132 2603 369 2687; x_wconf 78' lang='lat' dir='ltr'><strong>annon-r</strong></span> <span class='ocrx_word' id='word_1_167' title='bbox 411 2607 441 2672; x_wconf 84' lang='lat' dir='ltr'><strong>a.</strong></span> <span class='ocrx_word' id='word_1_168' title='bbox 461 2605 514 2668; x_wconf 82' lang='lat' dir='ltr'><strong>rr</strong></span> <span class='ocrx_word' id='word_1_169' title='bbox 555 2603 584 2666; x_wconf 85' lang='lat' dir='ltr'><strong>t.</strong></span> <span class='ocrx_word' id='word_1_170' title='bbox 605 2606 660 2666; x_wconf 85' lang='lat' dir='ltr'><strong>oo</strong></span> <span class='ocrx_word' id='word_1_171' title='bbox 699 2602 729 2665; x_wconf 83' lang='lat' dir='ltr'><strong>s.</strong></span> <span class='ocrx_word' id='word_1_172' title='bbox 749 2602 806 2662; x_wconf 83' lang='lat' dir='ltr'><strong>no</strong></span> <span class='ocrx_word' id='word_1_173' title='bbox 847 2599 877 2660; x_wconf 83' lang='lat'><strong>9.</strong></span> <span class='ocrx_word' id='word_1_174' title='bbox 899 2600 1073 2660; x_wconf 76' lang='lat' dir='ltr'><strong>Annon</strong></span> 
     </span>
    </p>
   </div>
   <div class='ocr_carea' id='block_1_6' title="bbox 113 2719 1110 3623">
    <p class='ocr_par' dir='ltr' id='par_1_8' title="bbox 113 2719 1110 3623">
     <span class='ocr_line' id='line_1_28' title="bbox 177 2719 925 2802; baseline -0.011 -14"><span class='ocrx_word' id='word_1_175' title='bbox 177 2725 326 2802; x_wconf 85' lang='lat' dir='ltr'><strong>Quattuor</strong></span> <span class='ocrx_word' id='word_1_176' title='bbox 340 2727 421 2789; x_wconf 88' lang='lat' dir='ltr'><strong>adde</strong></span> <span class='ocrx_word' id='word_1_177' title='bbox 436 2728 504 2788; x_wconf 90' lang='lat' dir='ltr'><strong>dies</strong></span> <span class='ocrx_word' id='word_1_178' title='bbox 519 2729 630 2789; x_wconf 88' lang='lat' dir='ltr'><strong>ductos</strong></span> <span class='ocrx_word' id='word_1_179' title='bbox 646 2742 685 2786; x_wconf 87' lang='lat' dir='ltr'><strong>ex</strong></span> <span class='ocrx_word' id='word_1_180' title='bbox 699 2725 807 2785; x_wconf 90' lang='lat' dir='ltr'><strong>ordine</strong></span> <span class='ocrx_word' id='word_1_181' title='bbox 820 2719 925 2792; x_wconf 89' lang='lat' dir='ltr'><strong>Nonis,</strong></span> 
     </span>
     <span class='ocr_line' id='line_1_29' title="bbox 154 2809 770 2887; baseline -0.01 -16"><span class='ocrx_word' id='word_1_182' title='bbox 154 2853 157 2860; x_wconf 62' lang='grc'><em>«</em></span> <span class='ocrx_word' id='word_1_183' title='bbox 220 2812 313 2872; x_wconf 89' lang='lat' dir='ltr'><strong>Ianus</strong></span> <span class='ocrx_word' id='word_1_184' title='bbox 328 2812 459 2886; x_wconf 82' lang='lat' dir='ltr'><strong>Agonali</strong></span> <span class='ocrx_word' id='word_1_185' title='bbox 473 2813 543 2873; x_wconf 90' lang='lat' dir='ltr'><strong>luce</strong></span> <span class='ocrx_word' id='word_1_186' title='bbox 558 2812 691 2887; x_wconf 86' lang='lat' dir='ltr'><strong>piandus</strong></span> <span class='ocrx_word' id='word_1_187' title='bbox 706 2809 770 2867; x_wconf 91' lang='lat' dir='ltr'><strong>erit.</strong></span> 
     </span>
     <span class='ocr_line' id='line_1_30' title="bbox 178 2886 976 2972; baseline -0.01 -20"><span class='ocrx_word' id='word_1_188' title='bbox 178 2891 317 2956; x_wconf 86' lang='lat' dir='ltr'><strong>Nominis</strong></span> <span class='ocrx_word' id='word_1_189' title='bbox 332 2911 403 2956; x_wconf 89' lang='lat' dir='ltr'><strong>esse</strong></span> <span class='ocrx_word' id='word_1_190' title='bbox 418 2901 521 2972; x_wconf 89' lang='lat' dir='ltr'><strong>potest</strong></span> <span class='ocrx_word' id='word_1_191' title='bbox 533 2895 708 2954; x_wconf 90' lang='lat' dir='ltr'><strong>succinctus</strong></span> <span class='ocrx_word' id='word_1_192' title='bbox 723 2905 818 2952; x_wconf 87' lang='lat' dir='ltr'><strong>causa</strong></span> <span class='ocrx_word' id='word_1_193' title='bbox 832 2886 976 2966; x_wconf 84' lang='lat' dir='ltr'><strong>minister,</strong></span> 
     </span>
     <span class='ocr_line' id='line_1_31' title="bbox 115 2972 832 3053; baseline -0.006 -19"><span class='ocrx_word' id='word_1_194' title='bbox 115 2981 171 3038; x_wconf 74' lang='lat'><strong>320</strong></span> <span class='ocrx_word' id='word_1_195' title='bbox 224 2979 333 3041; x_wconf 89' lang='lat' dir='ltr'><strong>Hostia</strong></span> <span class='ocrx_word' id='word_1_196' title='bbox 348 2979 506 3040; x_wconf 86' lang='lat' dir='ltr'><strong>caelitibus</strong></span> <span class='ocrx_word' id='word_1_197' title='bbox 522 2993 585 3053; x_wconf 88' lang='lat' dir='ltr'><strong>quo</strong></span> <span class='ocrx_word' id='word_1_198' title='bbox 600 2977 727 3037; x_wconf 82' lang='lat' dir='ltr'><strong>feriente</strong></span> <span class='ocrx_word' id='word_1_199' title='bbox 741 2972 832 3034; x_wconf 87' lang='lat' dir='ltr'><strong>eadit.</strong></span> 
     </span>
     <span class='ocr_line' id='line_1_32' title="bbox 181 3055 961 3135; baseline -0.013 -12"><span class='ocrx_word' id='word_1_200' title='bbox 181 3057 237 3135; x_wconf 82' lang='lat' dir='ltr'><strong>out</strong></span> <span class='ocrx_word' id='word_1_201' title='bbox 252 3062 353 3124; x_wconf 83' lang='lat' dir='ltr'><strong>calido</strong></span> <span class='ocrx_word' id='word_1_202' title='bbox 369 3063 492 3123; x_wconf 88' lang='lat' dir='ltr'><strong>strictos</strong></span> <span class='ocrx_word' id='word_1_203' title='bbox 507 3061 657 3123; x_wconf 85' lang='lat' dir='ltr'><strong>tincturus</strong></span> <span class='ocrx_word' id='word_1_204' title='bbox 672 3058 821 3134; x_wconf 88' lang='lat' dir='ltr'><strong>sanguine</strong></span> <span class='ocrx_word' id='word_1_205' title='bbox 836 3055 961 3127; x_wconf 88' lang='lat' dir='ltr'><strong>cultros,</strong></span> 
     </span>
     <span class='ocr_line' id='line_1_33' title="bbox 222 3138 991 3222; baseline -0.014 -16"><span class='ocrx_word' id='word_1_206' title='bbox 222 3145 351 3222; x_wconf 88' lang='lat' dir='ltr'><strong>Semper</strong></span> <span class='ocrx_word' id='word_1_207' title='bbox 365 3152 489 3221; x_wconf 85' lang='lat' dir='ltr'><strong>agatne,</strong></span> <span class='ocrx_word' id='word_1_208' title='bbox 503 3149 605 3220; x_wconf 82' lang='lat' dir='ltr'><strong>rogat,</strong></span> <span class='ocrx_word' id='word_1_209' title='bbox 621 3160 678 3204; x_wconf 92' lang='lat' dir='ltr'><strong>nec</strong></span> <span class='ocrx_word' id='word_1_210' title='bbox 692 3143 751 3202; x_wconf 90' lang='lat' dir='ltr'><strong>nisi</strong></span> <span class='ocrx_word' id='word_1_211' title='bbox 765 3142 869 3200; x_wconf 91' lang='lat' dir='ltr'><strong>iussus</strong></span> <span class='ocrx_word' id='word_1_212' title='bbox 885 3138 955 3214; x_wconf 87' lang='lat' dir='ltr'><strong>agit.</strong></span> <span class='ocrx_word' id='word_1_213' title='bbox 986 3183 991 3196; x_wconf 28' lang='grc' dir='ltr'><em>Α</em></span> 
     </span>
     <span class='ocr_line' id='line_1_34' title="bbox 178 3219 1110 3305; baseline -0.006 -19"><span class='ocrx_word' id='word_1_214' title='bbox 178 3226 269 3304; x_wconf 82' lang='lat' dir='ltr'><strong>Pars,</strong></span> <span class='ocrx_word' id='word_1_215' title='bbox 284 3231 358 3305; x_wconf 85' lang='lat' dir='ltr'><strong>quia</strong></span> <span class='ocrx_word' id='word_1_216' title='bbox 372 3244 434 3289; x_wconf 92' lang='lat' dir='ltr'><strong>non</strong></span> <span class='ocrx_word' id='word_1_217' title='bbox 448 3231 572 3290; x_wconf 89' lang='lat' dir='ltr'><strong>veniant</strong></span> <span class='ocrx_word' id='word_1_218' title='bbox 587 3227 739 3304; x_wconf 90' lang='lat' dir='ltr'><strong>pecudes,</strong></span> <span class='ocrx_word' id='word_1_219' title='bbox 755 3223 813 3284; x_wconf 91' lang='lat' dir='ltr'><strong>sed</strong></span> <span class='ocrx_word' id='word_1_220' title='bbox 828 3229 966 3297; x_wconf 87' lang='lat' dir='ltr'><strong>agantur,</strong></span> <span class='ocrx_word' id='word_1_221' title='bbox 982 3219 1022 3280; x_wconf 89' lang='lat' dir='ltr'><strong>ab</strong></span> <span class='ocrx_word' id='word_1_222' title='bbox 1038 3223 1110 3280; x_wconf 87' lang='lat' dir='ltr'><strong>actu</strong></span> 
     </span>
     <span class='ocr_line' id='line_1_35' title="bbox 219 3307 869 3389; baseline -0.014 -16"><span class='ocrx_word' id='word_1_223' title='bbox 219 3312 338 3374; x_wconf 86' lang='lat' dir='ltr'><strong>Nomen</strong></span> <span class='ocrx_word' id='word_1_224' title='bbox 352 3315 525 3389; x_wconf 86' lang='lat' dir='ltr'><strong>Agonalem</strong></span> <span class='ocrx_word' id='word_1_225' title='bbox 539 3311 636 3372; x_wconf 87' lang='lat' dir='ltr'><strong>credit</strong></span> <span class='ocrx_word' id='word_1_226' title='bbox 649 3311 763 3370; x_wconf 86' lang='lat' dir='ltr'><strong>habere</strong></span> <span class='ocrx_word' id='word_1_227' title='bbox 778 3307 869 3367; x_wconf 90' lang='lat' dir='ltr'><strong>diem.</strong></span> 
     </span>
     <span class='ocr_line' id='line_1_36' title="bbox 113 3388 969 3474; baseline -0.015 -14"><span class='ocrx_word' id='word_1_228' title='bbox 113 3405 166 3460; x_wconf 74' lang='lat'><strong>325</strong></span> <span class='ocrx_word' id='word_1_229' title='bbox 179 3395 256 3458; x_wconf 82' lang='lat' dir='ltr'><strong>Pars</strong></span> <span class='ocrx_word' id='word_1_230' title='bbox 271 3403 357 3474; x_wconf 87' lang='lat' dir='ltr'><strong>putat</strong></span> <span class='ocrx_word' id='word_1_231' title='bbox 372 3397 433 3458; x_wconf 88' lang='lat' dir='ltr'><strong>boc</strong></span> <span class='ocrx_word' id='word_1_232' title='bbox 447 3397 558 3457; x_wconf 82' lang='lat' dir='ltr'><strong>testum</strong></span> <span class='ocrx_word' id='word_1_233' title='bbox 577 3394 688 3470; x_wconf 87' lang='lat' dir='ltr'><strong>priscis</strong></span> <span class='ocrx_word' id='word_1_234' title='bbox 702 3391 832 3467; x_wconf 86' lang='lat' dir='ltr'><strong>Agnalia</strong></span> <span class='ocrx_word' id='word_1_235' title='bbox 847 3388 969 3460; x_wconf 88' lang='lat' dir='ltr'><strong>dictum,</strong></span> 
     </span>
     <span class='ocr_line' id='line_1_37' title="bbox 221 3474 873 3623; baseline -0.021 -81"><span class='ocrx_word' id='word_1_236' title='bbox 221 3479 290 3623; x_wconf 48' lang='lat' dir='ltr'><strong>Uria</strong></span> <span class='ocrx_word' id='word_1_237' title='bbox 303 3481 343 3542; x_wconf 94' lang='lat' dir='ltr'><strong>sit</strong></span> <span class='ocrx_word' id='word_1_238' title='bbox 357 3487 389 3542; x_wconf 90' lang='lat' dir='ltr'><strong>ut</strong></span> <span class='ocrx_word' id='word_1_239' title='bbox 402 3481 530 3558; x_wconf 89' lang='lat' dir='ltr'><strong>proprio</strong></span> <span class='ocrx_word' id='word_1_240' title='bbox 544 3480 642 3540; x_wconf 87' lang='lat' dir='ltr'><strong>littera</strong></span> <span class='ocrx_word' id='word_1_241' title='bbox 655 3475 779 3552; x_wconf 88' lang='lat' dir='ltr'><strong>dempta</strong></span> <span class='ocrx_word' id='word_1_242' title='bbox 785 3474 873 3534; x_wconf 91' lang='lat' dir='ltr'><strong>loco.</strong></span> 
     </span>
     <span class='ocr_line' id='line_1_38' title="bbox 134 3563 294 3622; baseline 0.025 -4"><span class='ocrx_word' id='word_1_243' title='bbox 134 3574 219 3620; x_wconf 83' lang='lat' dir='ltr'><strong>omn.</strong></span> <span class='ocrx_word' id='word_1_244' title='bbox 242 3563 294 3622; x_wconf 91' lang='lat' dir='ltr'><strong>ll.</strong></span> 
     </span>
    </p>
   </div>
   <div class='ocr_carea' id='block_1_7' title="bbox 0 0 1266 4004">
    <p class='ocr_par' dir='ltr' id='par_1_9' title="bbox 0 0 1266 4004">
     <span class='ocr_line' id='line_1_39' title="bbox 0 0 1266 4004; baseline 0 0"><span class='ocrx_word' id='word_1_245' title='bbox 0 0 1266 4004; x_wconf 95' lang='lat' dir='ltr'><strong> </strong></span> 
     </span>
    </p>
   </div>
  </div>
 </body>
</html>
