2520 4012
445 220 503 295 IV,
525 217 561 296 Β,
583 218 682 297 4-4),
705 221 746 283 26

221 377 290 450 Quo
301 373 397 434 moris
411 371 522 432 Euxini
537 379 617 432 terra
629 372 752 434 sinistra
763 372 864 433 ieeetl

179 462 264 521 Haec
277 455 351 518 mihi
366 455 516 530 sincipiti
530 455 722 530 Dodonaque
736 456 852 516 diecret
865 457 944 532 ipso,

222 543 303 602 Esse
314 539 471 600 uideretur
483 549 589 599 vanus
595 545 726 612 uterque
741 539 838 600 locus.

128 637 164 690 45
177 628 225 688 Nil
240 625 319 686 alteo
334 623 470 683 validum
485 629 546 694 est,
562 622 688 682 edomas
703 623 774 682 licet
787 622 890 697 alliget
902 621 987 698 illud,

221 710 261 770 Ut
274 714 396 768 maneat
412 705 523 780 rapido
542 704 660 766 firmius
671 705 742 780 igne
756 706 851 765 lovis.

180 793 228 853 Nil
242 792 284 852 itu
299 789 428 850 sublima
442 795 489 848 est
503 802 660 863 supraque
674 789 811 864 pericula
824 789 928 863 tendit,

223 875 290 936 Non
304 874 344 933 sit
357 879 391 933 ul
404 872 531 932 inferius
546 873 804 947 suppositumque
818 872 888 932 deo.

181 959 257 1018 Nam
273 971 455 1032 quamquam
470 955 544 1015 vitio
557 971 632 1030 pars
650 962 697 1016 est
710 962 866 1016 contrecta
877 954 1032 1028 mulorum,

130 1049 166 1103 50
215 1042 286 1101 Plus
300 1047 400 1100 tamen
411 1037 497 1100 exitii
513 1039 645 1098 numinis
657 1039 704 1098 iro
718 1038 811 1098 dedit.

181 1127 223 1184 At
236 1140 294 1185 vos
309 1121 454 1184 admoniti
469 1122 582 1182 nostris
599 1133 723 1197 quoque
738 1120 861 1182 casibus
876 1128 950 1194 este,

224 1208 416 1284 Aequentem
431 1221 562 1282 superos
578 1206 746 1266 emeruisse
759 1205 867 1266 virum.

116 1341 160 1442 9·
182 1335 220 1436 Si
237 1378 308 1437 licet
322 1383 352 1436 et
366 1375 497 1451 pateris,
513 1389 625 1434 nomen
641 1373 822 1450 facinusque
837 1373 955 1450 tacebo,

224 1461 262 1521 Et
275 1467 329 1521 tua
341 1459 484 1519 Lethaeis
500 1465 568 1517 acta
582 1456 733 1518 dabuntur
747 1458 846 1532 aquis,

180 1545 352 1628 Nostraque
366 1543 505 1602 vincetur
518 1540 650 1602 lacrimis
665 1541 824 1601 clementia
834 1540 929 1600 serisc

222 1629 283 1688 Fac
300 1627 410 1699 modo,
426 1633 457 1686 tc
471 1631 575 1701 pateat
587 1625 776 1700 poenituisse
789 1625 842 1684 tui.

151 1722 168 1773 5
182 1713 243 1772 Fac
256 1710 364 1784 modo,
381 1716 412 1769 te
427 1709 554 1769 damnes
569 1707 741 1782 cupiasque
755 1707 882 1768 eradere
896 1705 975 1787 vitoe

55 1863 63 1874 ,
222 1798 387 1869 Tempora,
402 1792 430 1852 si
444 1792 566 1867 possis,
581 1789 767 1867 Tisiphonea
779 1797 859 1852 tuae.

183 1878 237 1939 Sin
251 1877 366 1949 minus,
382 1883 414 1936 et
426 1873 558 1952 flagrent
573 1873 644 1934 odio
658 1881 711 1935 tua
725 1881 850 1950 pectora
863 1882 977 1948 nostro,

222 1961 332 2022 Induat
345 1959 451 2019 infelix
466 1973 550 2018 erma
565 1964 673 2018 coacta
687 1959 784 2018 dolor.

182 2044 247 2105 Sim
261 2045 333 2104 licet
346 2050 529 2116 extremum,
547 2041 627 2102 sicut
642 2057 729 2116 sum,
743 2042 856 2102 missus
873 2043 903 2100 in
921 2037 1034 2114 orbem,

129 2139 167 2194 lo
194 2125 196 2130 ’
221 2129 334 2188 Nostro
355 2141 426 2187 suos
439 2126 520 2185 istuc
535 2125 671 2199 porriget
685 2125 731 2184 ira
744 2139 863 2184 manus.
983 2161 986 2166 -

183 2209 306 2284 Omnia,
323 2210 350 2270 si
365 2209 483 2283 nescis,
502 2208 616 2268 caesar
630 2207 703 2266 mihi
718 2207 786 2267 iura
803 2205 931 2282 reliquit,

222 2295 261 2354 Et
275 2294 344 2354 solu
359 2299 406 2353 est
419 2293 518 2367 putria
534 2305 636 2366 poena
651 2305 756 2351 carere
771 2305 849 2368 meo.

181 2377 219 2436 Et
233 2377 376 2452 patriam,
391 2375 484 2436 modo
501 2375 541 2435 sit
556 2389 683 2450 sospes,
701 2389 860 2449 speramus
876 2371 914 2435 ob
932 2373 993 2434 illo.

225 2461 327 2534 Saepe
341 2460 425 2520 Iovis
441 2459 502 2518 telo
521 2471 652 2532 quercus
671 2458 783 2518 adusta
800 2460 886 2520 viret.

129 2552 165 2607 15
178 2545 318 2617 Denique
331 2542 486 2602 uindictae
502 2542 528 2602 si
545 2543 584 2601 sit
601 2540 673 2601 mihi
690 2540 774 2602 nulla
789 2542 927 2616 facultas,

222 2626 358 2686 Pierides
376 2626 460 2686 vires
477 2632 508 2685 et
524 2641 580 2688 suo
595 2621 656 2686 tela
671 2623 794 2684 dabunt

182 2705 270 2784 Quod
287 2709 441 2788 Scythicis
458 2709 591 2770 habitem
605 2710 697 2781 longe
713 2712 881 2766 summotus
899 2706 928 2765 in
945 2707 1017 2779 onis,
1087 2781 1091 2788 μ

113 2841 115 2843 .
223 2792 375 2866 siccoque
390 2793 451 2853 sint
468 2793 567 2852 oculis
585 2790 726 2866 proxima
741 2789 830 2864 signa
845 2788 936 2848 meisa

181 2877 294 2936 Nostra
310 2892 367 2950 per
383 2876 539 2938 inmorsus
556 2875 642 2935 ibunt
658 2873 823 2949 praeconia
836 2878 955 2948 gentes,
1040 2939 1043 2945 ,
1129 2923 1132 2928 .

128 2969 167 3022 20
220 2959 371 3034 Quodque
389 2971 515 3034 querar,
533 2957 714 3032 notum'qua
729 2963 812 3033 putet
828 2955 926 3030 omis,
945 2953 1010 3016 erit

179 3041 238 3101 lbit
254 3042 295 3101 ad
312 3057 458 3103 occasum
475 3041 621 3118 quiequid
639 3041 789 3114 dicemus,
806 3039 845 3100 ob
862 3046 938 3114 ortu,

220 3125 320 3186 Testis
337 3133 366 3187 et
382 3125 544 3200 hesperiae
559 3125 647 3187 vocis
660 3139 738 3184 eous
753 3123 818 3184 erit.

180 3207 278 3268 Trans
296 3223 355 3284 ego
370 3209 524 3283 tellurem,
540 3215 624 3269 trans
636 3207 719 3266 altus
735 3204 966 3278 ceolmundus

221 3289 259 3351 Et
275 3293 405 3367 gemitus
421 3308 484 3353 vox
500 3299 547 3352 est
561 3306 672 3367 magna
686 3289 786 3350 lutura
800 3290 869 3349 mei.

129 3380 165 3432 25
178 3373 242 3434 Nec
256 3383 310 3456 tua
327 3383 358 3436 te
375 3383 494 3437 sontem
509 3373 717 3436 tantummodo
733 3373 858 3434 saecula
872 3370 988 3432 norint·

222 3458 394 3536 Perpetuae
412 3460 524 3519 crimen
538 3456 723 3534 posteritatis
740 3457 810 3518 eris.
