2520 4008
520 179 550 220 v.
570 145 749 226 2224297.
1081 166 1142 230 roa

133 331 193 388 eoo
243 321 398 397 Expertus
413 315 516 378 scelus
536 321 584 385 est
598 313 686 376 curius
699 319 829 392 uterque
843 331 970 392 patens=
1068 304 1077 323 ⁴

96 464 99 469 .
204 403 309 482 Qualis
323 405 398 475 erat,
411 403 579 475 postquam
593 403 642 457 ast
653 397 748 462 iudex
762 398 803 459 de
817 399 868 461 lite
882 401 990 462 iocosa

95 486 97 492 ’
241 487 402 564 Sumptus,
424 481 589 558 Apollinea
604 481 709 544 olaus·
719 482 751 541 in
765 488 831 544 arte
846 499 956 545 senex=

205 573 309 649 Qualis
324 575 355 630 et
368 569 439 644 ipse
451 565 515 638 suit,
537 580 598 641 quo
615 564 823 642 praecipiente
838 567 979 630 columba
1045 619 1052 624 .

243 657 299 716 Est
314 653 385 716 data
397 649 553 712 Palladiae
567 650 694 727 praevia
708 649 833 727 duxque
846 652 918 718 rath

135 746 193 802 265
207 739 325 816 Quique
339 735 437 798 octdis
452 733 565 808 caruit,
579 749 639 810 per
652 749 731 810 quos
742 735 821 796 male
835 735 956 798 viderat
970 739 1085 813 aarum,

248 821 376 884 intortas
391 825 470 880 nato·
481 833 562 896 quos
578 817 663 880 dedit
678 817 754 879 orba
768 835 898 896 parens=

206 906 314 968 Pastor
327 911 360 968 ut
373 903 546 977 Aetnaeus,
562 901 611 964 cui
627 915 719 964 casus
734 909 805 964 ante
819 903 938 966 futuros

199 1053 202 1058 Δ
248 989 389 1051 Telemus
403 985 589 1064 Eurymides
602 985 785 1048 vaticinatus
800 994 882 1048 erata

207 1073 247 1136 Ut
262 1073 325 1136 duo
339 1070 502 1146 Phinidae,
519 1069 630 1147 quibus
645 1069 732 1130 idem.
741 1069 844 1132 lumen
859 1073 980 1145 ademit.

140 1162 196 1222 uto
251 1156 308 1233 ou
323 1156 417 1218 dedit.
432 1160 466 1218 ut
479 1153 651 1232 Thamyrae
663 1151 896 1232 Demodocique
911 1162 1012 1232 caput.

189 1241 258 1303 .Sic
273 1241 385 1318 aliquis
399 1246 452 1300 tua
469 1238 607 1304 membra
622 1245 715 1314 secet,
738 1237 889 1302 Saturnus
903 1247 938 1303 ut
950 1239 1019 1300 illas
1048 1287 1053 1292 ,

250 1324 415 1388 Subsecuit
428 1329 548 1400 partes,
563 1322 645 1382 unde
659 1328 779 1383 creatus
794 1329 868 1384 erat.

206 1409 269 1470 Nec
280 1408 337 1470 tibi
351 1409 392 1470 sit
406 1409 514 1472 melior
527 1406 651 1468 tumidis
666 1405 824 1483 Neptunus
838 1407 984 1483 mundis,
1047 1406 1051 1416 '
1083 1463 1089 1472 .

251 1493 346 1568 Quam
360 1492 410 1556 cui
424 1498 495 1554 sunt
510 1490 629 1552 subitae
643 1491 735 1551 irater
749 1497 780 1552 et
793 1507 873 1552 uxor
888 1507 977 1552 aves:

141 1583 195 1640 att
210 1575 395 1654 Sollertique
407 1576 475 1637 viro
483 1593 496 1651 ,¹
507 1576 630 1635 lacerae
644 1589 735 1652 quem
749 1575 845 1636 tracta
859 1581 1010 1636 tenentem

248 1659 386 1724 Membra
399 1660 475 1721 ratis
491 1658 629 1721 Semeles
643 1665 693 1720 est
705 1659 850 1720 miserata
865 1674 964 1722 soror.

206 1745 265 1805 Vel
278 1751 346 1819 tua,
361 1759 401 1807 ne
416 1758 537 1822 poenae
552 1757 655 1820 genus
665 1741 725 1804 hoc
740 1743 918 1820 cognoverit
931 1758 1020 1817 unus,

247 1829 379 1890 Viscera
393 1828 529 1890 diversis
542 1829 644 1889 scissa
658 1828 792 1889 terantur
806 1827 909 1905 equisr

206 1913 266 1974 Vel
280 1929 376 1990 quae,
393 1913 446 1990 qui
459 1912 569 1988 redimi
581 1913 721 1974 Romano
736 1919 825 1994 turpe
839 1912 965 1991 putauit,

140 2004 194 2060 ado
249 1997 280 2060 Α
293 1997 373 2060 duee
385 1997 675 2074 Puniceo'pertulit,
690 1997 760 2076 ipse
775 1998 867 2059 feras.
1050 2069 1054 2074 ‚

168 2148 170 2150 ,
206 2083 271 2143 Nec
284 2081 339 2142 tibi
353 2081 496 2144 subsidio
509 2097 660 2160 praesens
676 2083 716 2143 sit
729 2095 857 2156 numen,
872 2087 906 2142 ut
918 2079 970 2162 itti,

248 2167 303 2228 cui
318 2167 360 2226 nii
372 2167 502 2228 Rhoetei
517 2167 632 2244 proluit
646 2181 699 2226 ara
712 2166 807 2226 lovis.
942 2175 944 2180 ·

204 2251 308 2326 thue
323 2249 409 2314 dedit
423 2251 519 2316 saltus
535 2251 576 2312 de
590 2266 710 2320 senuna
722 2249 890 2322 Thessalus
907 2247 996 2326 Ossa,

246 2334 291 2394 Tu
307 2349 432 2410 quoquo
446 2333 565 2398 saxoso
577 2334 780 2411 praecipitere
793 2335 875 2409 iugo.

142 2423 194 2480 285
208 2417 271 2480 Aut
283 2419 368 2479 velut
381 2417 522 2496 Euryali,
540 2420 593 2497 qui
608 2425 764 2495 sceptrum
779 2418 860 2495 cepit
874 2415 912 2479 ab
927 2415 989 2494 iilo,

250 2499 316 2562 Sint
330 2508 413 2563 artus
428 2503 528 2564 avidis
544 2502 694 2580 anguibus
710 2519 784 2566 esca
796 2503 850 2564 tui.

205 2584 265 2644 Vel
279 2589 332 2647 tua
344 2592 489 2663 maturet,
505 2585 585 2650 sicut
598 2587 715 2648 Minoia
729 2587 800 2662 iata,

248 2668 307 2729 Per
321 2676 415 2746 caput
428 2671 551 2733 intirsae
564 2671 702 2733 fervidus
717 2671 828 2732 humor
842 2683 951 2746 aquae.

88 2805 93 2810 .
208 2751 311 2828 thue
326 2769 456 2829 operum
470 2755 567 2832 mitis,
584 2756 641 2824 sed
656 2771 718 2817 non
732 2755 872 2831 impune,
887 2750 1094 2826 Prometheus,

139 2843 195 2900 290
210 2910 212 2914 ¹
245 2836 356 2900 Aerias
371 2840 515 2903 volucres
531 2840 681 2916 sanguine
695 2839 868 2906 fixusalas.

207 2919 270 2981 Aut
283 2923 366 2983 velut
379 2922 555 2999 Etracidas‚
571 2939 683 3002 magno
696 2930 745 2986 ter
758 2923 796 2984 ab
804 2917 941 2984 ¹Hercule
956 2919 1087 2998 quintus,
1095 2947 1139 2964 -

251 3005 367 3068 Caesus
382 3007 414 3067 in
428 3007 600 3074 inmensum
610 3008 767 3084 proiciare
781 3007 900 3088 fretum.

206 3085 268 3148 Aut
280 3095 314 3151 ut
326 3087 534 3176 Amyntiaden
546 3091 629 3170 turpi
639 3092 772 3172 dilectus
787 3105 892 3152 amore

248 3171 413 3249 Oderit,.et
427 3189 523 3240 saevo
537 3176 678 3240 vulneret
693 3191 767 3256 ense
782 3191 868 3254 puer.

138 3256 194 3315 aet
208 3251 272 3317 Nec
284 3257 339 3319 tihi
353 3257 417 3320 iida
430 3261 529 3337 magis
543 3260 665 3324 misceri
678 3261 792 3340 pocula
805 3260 934 3338 possint,

249 3341 346 3416 Quam
361 3343 412 3420 qui
428 3344 589 3422 cornigero
604 3343 644 3410 de
657 3346 731 3413 Iove
745 3351 834 3408 natus
849 3351 923 3426 erat.

167 3479 169 3484 s
207 3423 294 3488 More
309 3426 360 3490 vel
369 3428 502 3494 intereas
518 3431 599 3510 capti
614 3448 786 3510 suspensus
801 3427 937 3504 Achaei,
1003 3459 1005 3464 ,
