2520 4008
59 193 61 197 -
119 167 178 234 roe
545 127 694 230 ruinis

238 317 442 391 Funereoque
455 327 566 389 graves
583 311 679 374 edidit
693 327 747 378 ure
761 327 867 374 sonos.

200 403 342 464 Protinus
355 396 541 460 Eumenides
557 399 662 456 lavere
677 396 866 473 palustribus
882 395 994 474 nudie

236 485 303 560 Qua
318 498 394 543 aava
410 482 449 548 de
465 480 581 560 Stygiis
596 479 729 542 fluxerat
743 479 828 540 unda
840 479 941 555 vadis,
1108 489 1110 494 ·

137 573 189 636 aba
200 569 389 644 Pectoraque
403 572 557 638 unxerunt
569 563 707 624 Erebeae
721 564 792 624 telle
808 564 972 635 colubrae.

241 653 361 726 Terque
375 655 548 718 cruentatas
563 648 743 723 increpuere
757 663 875 708 manus.

196 737 390 810 sentinaque
405 733 575 793 imbuerant
589 730 716 791 infantia
729 731 809 792 laete
824 731 933 800 canino

240 817 299 880 Hie
311 819 427 894 primus
442 815 530 892 pueri
543 813 628 873 venit
642 815 673 894 in
688 831 743 876 ora
758 813 860 877 eibus=
897 849 898 854 κ

199 901 332 965 Perbibit
346 900 418 963 inde
432 913 509 961 suae
522 895 640 958 rabiem
654 897 782 960 nutricis
798 899 951 974 alumnus,
988 897 990 902 '

137 994 190 1052 neu
240 985 342 1045 Latrat
355 991 386 1045 et
399 983 430 1043 in
445 987 509 1044 toto
523 982 620 1043 verba
635 982 743 1042 eanina
758 981 826 1043 foro
927 1018 930 1022 ›

198 1067 397 1144 Membraque
410 1067 575 1128 vinxerunt
588 1066 688 1144 tinctis
704 1065 858 1142 ferrugine
872 1067 992 1144 pannis,

237 1152 267 1212 A
280 1152 359 1212 male
373 1150 496 1212 deserto
513 1164 593 1227 quos
607 1165 739 1227 rapuere
752 1165 845 1225 rogo:

197 1236 236 1296 Et
247 1251 288 1296 ne
301 1250 364 1296 nou
378 1235 484 1295 tultum
499 1233 583 1296 nuda
596 1235 703 1294 tellure
717 1233 839 1307 iaceret,

238 1319 331 1382 mnne
345 1333 439 1401 super
453 1316 555 1378 silices
570 1317 737 1394 inposuere
752 1324 853 1394 eaput

134 1409 186 1470 2³5
197 1403 324 1478 ianque
336 1416 519 1462 recessurae
532 1401 623 1462 viridi
637 1401 678 1460 de
693 1401 796 1476 stipite
810 1401 908 1462 iactas
1021 1459 1027 1464 ,

237 1486 411 1547 Admorunt
425 1485 522 1546 oculis
537 1500 639 1560 usque
654 1484 714 1546 sub
728 1499 784 1547 ora
797 1485 893 1546 iaces.

196 1569 312 1644 Flebat,
332 1575 366 1629 ut
380 1572 427 1629 est
440 1568 541 1629 inians
557 1568 648 1628 sumis
663 1573 823 1630 contaetus
838 1567 965 1628 amaris:

235 1653 281 1714 De
294 1651 392 1715 tribus
407 1657 455 1711 est
469 1666 539 1714 eum
554 1651 599 1711 sie
613 1667 675 1711 una
688 1651 792 1714 loeuta
808 1665 913 1712 sorore
985 1649 988 1654 ’

167 1800 170 1806 ,
198 1737 341 1812 ‘Tempus
356 1735 387 1796 in
402 1735 574 1799 inmensum
587 1733 729 1795 lacrimas
744 1735 799 1796 tibi
813 1735 964 1812 movimus
978 1733 1064 1804 istas,

134 1828 187 1884 240
239 1819 323 1894 Quae
339 1833 462 1894 semper
476 1833 572 1882 eausa
587 1818 760 1898 sufficiente
775 1818 907 1902 eadent?

198 1903 331 1972 Dixerat.
365 1908 395 1963 et
409 1901 515 1963 Clotho
530 1900 620 1966 iussit
632 1903 788 1980 promissa
801 1903 914 1976 valere,
991 1949 993 1956 .

239 1986 327 2047 Nevit
340 1992 372 2046 et
385 1986 496 2046 infesta
510 1982 641 2048 stamina
654 1986 740 2062 pulla
753 2001 855 2064 manu,
951 1985 955 1993 '
976 2023 980 2026 -

197 2071 287 2131 Etne
301 2071 395 2145 ionga
409 2085 466 2133 suo
480 2070 644 2146 praesagia
658 2069 774 2130 diceret
788 2085 851 2144 ore,

239 2153 325 2214 ‘Fata
339 2161 430 2220 canet
441 2160 529 2214 vates
545 2153 598 2230 qui
612 2157 686 2229 tua’,
708 2152 786 2214 dixit
800 2151 890 2214 ‘erib’

134 2245 185 2301 245
197 2238 250 2298 Ille
264 2253 322 2312 ego
337 2253 405 2298 sum
418 2244 516 2298 vates.
550 2253 591 2298 ex
605 2251 655 2297 me
668 2242 721 2298 tua
734 2236 863 2298 vulnere
878 2235 991 2312 disces,

236 2321 273 2382 Di
287 2320 382 2381 modo
396 2319 469 2380 dent
482 2321 565 2380 vires
580 2321 612 2379 in
625 2335 695 2380 mea
708 2319 805 2381 verba
819 2335 902 2380 suas.

197 2403 449 2479 Carminibusque
462 2402 539 2464 meis
555 2403 704 2464 accedent
718 2403 859 2478 pondera
872 2419 981 2482 rerum,
1026 2441 1028 2446 ·

239 2487 324 2561 Quae
336 2492 404 2547 ratu
417 2499 474 2563 per
486 2485 586 2548 luetus
602 2484 763 2563 experiare
776 2493 858 2550 tuos,

195 2571 280 2632 Neve
294 2569 362 2632 siue
378 2568 527 2646 exemplis
543 2567 611 2630 aevi
626 2570 763 2634 cruciere
777 2569 906 2648 priorise

132 2664 185 2720 250
236 2653 302 2716 Sint
315 2661 368 2716 tua
380 2653 518 2716 Troianis
533 2670 596 2716 uon
610 2654 728 2715 leviora
741 2655 839 2716 malis.

196 2738 375 2816 Quantaque
389 2737 533 2814 clavigeri
546 2737 710 2801 Poeantius
725 2737 866 2800 Herculis
880 2736 983 2814 heres·

233 2822 329 2884 Tanta
343 2829 495 2884 venenato
511 2822 638 2885 vulnere
651 2837 740 2882 erure
754 2838 855 2898 geras.

192 2903 255 2967 Nee
270 2906 370 2968 ievius
385 2905 502 2981 doleas,
526 2919 618 2981 quam
634 2903 687 2982 qui
700 2905 777 2970 bibit
789 2905 886 2968 ubera
899 2908 1019 2980 cervae,

235 2989 493 3064 Armatiquetuiit
506 2991 627 3067 vulnus,
650 2991 774 3052 inermis
788 3005 892 3067 opem.
941 3041 943 3046 .

130 3080 182 3134 255
194 3071 313 3148 Quique
327 3071 366 3133 ab
380 3087 462 3149 equo
477 3088 630 3152 praeceps
646 3074 677 3135 in
691 3075 782 3138 Aleia
796 3073 910 3137 decidit
924 3086 1008 3147 arva,

73 3187 80 3191 -
233 3155 334 3225 Exitio
348 3156 444 3219 iacies
459 3158 508 3221 eui
523 3175 580 3224 sua
594 3174 696 3236 paene
706 3159 775 3222 tuit.
1025 3153 1028 3160 ’

192 3239 236 3314 Id‚
259 3241 344 3314 quod
356 3241 593 3320 Amyntorides,
615 3241 741 3320 videas,
763 3240 981 3319 trepidumque
993 3235 1137 3306 ministro
1251 3203 1252 3206 Ἴ

232 3321 440 3400 Praetemptes
455 3326 566 3390 baculo
580 3327 704 3390 luminis
718 3325 813 3390 orbus
829 3327 895 3388 iter.
1082 3379 1097 3396 ,.

192 3403 255 3468 Nee
268 3407 341 3483 plus
358 3409 502 3488 aspicias,
527 3425 619 3493 quam
634 3425 726 3490 quern
740 3427 800 3474 suu
812 3409 877 3473 filia
890 3405 977 3497 rexit
1027 3489 1028 3494 ἵ
1069 3407 1098 3416 ““
