2454 4004
160 160 237 230 3121?
340 180 344 184 ·
540 159 859 222 rastellum·
960 251 962 256 Ι

248 315 350 392 Saepo
370 317 447 378 daus
462 314 599 390 prudens
612 320 728 388 tergum
748 311 871 372 demisit
887 313 919 370 in
932 311 1044 388 undas,

288 401 422 462 Haereat
430 406 466 460 nt
480 398 559 458 collo
574 398 683 458 lortius
697 396 749 454 illa
763 412 830 456 suo.

183 493 236 546 615
249 483 404 546 Litoribus
418 483 507 544 tactis
523 482 622 542 stabat
636 477 703 540 sinc
718 479 863 539 cornibus
878 479 949 548 ullis

287 568 433 642 luppiter.
467 567 558 640 inque
573 565 665 624 deum
681 564 720 622 de
734 562 816 624 bove
836 579 945 624 versus
961 568 1035 622 erat.

247 649 366 711 Taurus
380 650 434 710 init
449 650 577 709 caelum.
606 655 655 721 te,
673 646 796 722 Sidoni,
812 647 948 722 luppiter
965 645 1081 722 implet,

287 733 424 808 Parsque
437 740 522 792 tuum
535 739 636 791 torrae
651 730 739 790 tertia
753 745 865 789 nomen
882 729 983 806 habet,

245 815 313 876 Hoc
328 817 377 876 alii
392 816 513 890 signum
526 813 665 872 Phariam
682 813 787 872 dixere
802 813 971 886 iuuencam,

180 909 233 964 620
290 899 373 974 Quae
388 901 447 959 bos
462 905 502 958 ex
516 897 638 957 homine
652 903 713 968 est,
728 911 772 956 ex
783 897 867 958 bove
880 899 960 957 lacta
974 897 1043 956 dea.
1091 894 1093 898 ’

246 985 324 1059 Turn
337 997 462 1058 quoque
476 981 648 1056 priscorum
664 979 749 1051 virgo
765 981 929 1040 simulacra
941 981 1075 1040 virorum

287 1067 407 1127 Mittere
419 1064 555 1125 roboreo
567 1063 690 1140 scirpea
704 1071 798 1138 ponte
812 1065 899 1125 solet.

248 1151 384 1225 Corpora
398 1157 471 1226 post
486 1148 590 1210 decies
606 1149 700 1207 senos
717 1147 768 1222 qui
788 1147 917 1208 credidit
931 1163 1028 1206 annos

288 1234 384 1293 Missa
398 1233 483 1306 neci,
499 1231 628 1293 sceleris
643 1231 768 1290 crimine
783 1231 1006 1292 damnaturos.

180 1325 230 1380 615
245 1317 339 1376 Fama
354 1323 453 1376 vetus.
483 1322 555 1376 tunc
570 1331 639 1374 curn
654 1313 798 1374 Saturnia
810 1322 890 1374 terra
906 1321 1013 1374 vocata
1027 1319 1084 1387 est,

288 1397 374 1459 Talla-
386 1398 501 1459 fatidici
521 1397 602 1457 dicta
615 1397 700 1457 luere
715 1399 814 1458 loaisa

246 1484 409 1544 ‘Falcilero
423 1482 516 1542 libata
532 1482 598 1541 seni
615 1481 676 1542 dno
693 1497 825 1556 corpora
837 1482 936 1558 panus

286 1567 408 1640 Mittite,
425 1581 505 1640 quae
518 1564 627 1626 Tuscis
642 1564 833 1640 excipiantur
845 1567 956 1640 aquis!

245 1651 351 1712 Donec
367 1651 397 1709 in
412 1649 489 1709 haec
501 1650 586 1710 venit
599 1647 775 1726 Tirynthius
790 1665 878 1724 arva,
894 1649 1058 1725 quotannis

181 1742 234 1796 630
289 1733 398 1794 Tristia
411 1732 566 1793 Leucadio
586 1747 677 1792 sacra
691 1740 816 1806 peracta
830 1733 939 1794 modos

245 1817 334 1878 illurn
349 1816 533 1877 stramineos
548 1815 579 1875 in
594 1831 707 1896 aquarn
723 1817 846 1876 misisse
861 1816 1007 1890 Quirites:

288 1899 429 1960 Herculis
445 1901 587 1976 exemplo
603 1897 735 1974 corpora
749 1900 828 1984 laisa
842 1900 910 1959 iaci.

245 1981 319 2044 Pars
334 1989 435 2058 putat,
454 1990 487 2044 ut
502 1984 614 2042 tenent
627 1983 755 2044 iuvenes
770 1981 916 2057 suffragia
930 1984 998 2057 soli,

210 2103 212 2110 ,
287 2067 433 2127 Pontibus
449 2068 586 2126 infirmos
602 2066 824 2142 praecipitasse
839 2082 940 2131 senes

181 2155 233 2214 635
246 2149 376 2228 Thybri,
395 2152 474 2212 doce
488 2165 605 2210 verum.
636 2157 688 2210 tna
701 2151 770 2224 ripa
785 2151 933 2211 vetustior
946 2149 1028 2210 Urbs
1042 2157 1105 2210 ests

262 2251 268 2264 ‘
285 2233 470 2309 Principium
483 2234 559 2293 ritus
574 2234 700 2316 tubane
712 2248 808 2293 nossa
822 2240 921 2309 potes.
1037 2264 1040 2270 ·

245 2315 379 2395 Thybris
396 2318 606 2378 arundilerum
621 2317 723 2377 medio
744 2324 837 2392 capnt
851 2319 957 2378 extulit
970 2317 1057 2377 alveo

286 2400 454 2473 Raucaque
470 2401 597 2461 dimovit
610 2401 723 2462 talibus
738 2417 793 2462 ora
806 2402 908 2462 sonis=

246 2481 342 2541 ‘Haec
356 2483 426 2542 loca
441 2483 581 2544 desertus
599 2485 663 2545 vidi
683 2486 750 2548 sinc
768 2485 927 2545 moenibus
943 2483 1071 2544 herbosa

182 2571 233 2628 640
288 2563 439 2627 Pascebat
455 2583 583 2640 sparsas
599 2573 729 2643 utraque
742 2570 811 2644 ripa
828 2569 937 2629 boves.

243 2649 282 2709 Et
297 2664 388 2724 quern
404 2664 484 2709 nuno
499 2657 606 2724 gentas
624 2651 755 2711 Tiberim
771 2658 943 2725 noruntque
960 2653 1131 2726 timentque,

286 2732 369 2791 Tunc
390 2732 479 2793 etiam
495 2735 601 2808 pecori
617 2734 836 2810 despiciendus
854 2751 946 2796 eram.

244 2815 377 2877 Arcadis
391 2815 527 2876 Euandri
542 2833 653 2877 nomen
667 2819 720 2879 tibi
736 2835 830 2894 saepe
843 2820 988 2880 refertum

286 2898 341 2957 llle
355 2915 440 2960 meas
455 2902 548 2961 remis
568 2902 689 2962 advena
701 2904 791 2963 torsit
805 2919 912 2977 aquas.
987 2969 990 2973 ,

181 2989 233 3046 ota
252 2981 343 3040 Venit
362 2990 393 3042 ct
407 2985 548 3058 Alcides,
564 2985 653 3046 turba
669 2989 829 3048 comitatus
846 2987 974 3046 Achiva.

286 3059 414 3140 Albula,
432 3068 458 3126 si
475 3068 613 3142 memini,
628 3075 700 3128 tunc
720 3071 792 3128 mihi
808 3086 918 3130 nomen
935 3076 1010 3128 erat.

243 3147 367 3222 Excipit
380 3149 515 3226 hospitio
531 3151 673 3212 iuvenem
688 3151 853 3213 Pallantius
868 3152 976 3213 heresa

286 3231 324 3290 Et
338 3234 460 3292 tandem
477 3235 556 3294 caco
573 3234 675 3295 debita
689 3250 792 3310 poena
806 3236 897 3295 venit.

243 3313 352 3374 Victor
366 3315 443 3391 abit,
461 3333 630 3392 secumque
642 3318 756 3392 boves,
770 3318 939 3395 Erytheida
954 3317 1114 3392 praedant,

178 3400 231 3454 650
287 3397 452 3490 abstrahit.
480 3401 522 3460 At
537 3402 663 3462 comites
677 3403 798 3478 longius
812 3403 857 3462 ire
872 3403 994 3476 negant.
