2524 4004
167 183 236 252 aar
497 153 498 156 ‘
540 165 802 244 ‘rxsronun

251 339 326 399 Indo
340 337 427 397 nefas
441 337 556 396 ducunt
569 349 666 410 genus
684 335 744 394 lroo
757 335 914 409 imponere
931 308 1059 414 mensis,

291 421 355 480 Neo
371 419 488 480 violant
501 418 597 479 timidi
610 415 749 493 piscibus
763 433 819 478 ora
833 415 914 495 Syri.

404 550 454 618 16.
483 551 587 612 GEN
630 547 680 612 17.
708 550 737 610 H
758 550 937 625 QVIR-N)

183 681 236 738 475
250 641 392 734 i’roxlma
407 671 460 750 lox
474 647 650 728 vacuasse..
676 675 706 727 at
719 667 807 728 tertia
820 666 902 727 dicta
918 667 1052 742 Quirino.

289 754 344 830 Qui
357 761 439 813 tenet
451 753 511 813 hoa
527 767 653 825 nomen,
668 751 815 812 Romulus
831 759 900 810 ante
914 752 984 812 luit:

248 835 320 899 Sive
336 836 420 911 quod
433 836 523 896 hasta
536 835 618 895 euris
633 832 743 911 priscis
760 842 807 896 est
822 835 903 896 dicta
918 835 1049 909 Sabinis,
1143 907 1146 914 Ι
1236 855 1237 906 p

286 921 418 982 Bellicus
434 920 526 980 atelo
541 919 668 978 venitin
683 925 766 980 astra
780 919 873 978 deust
899 963 902 969 .

139 1010 140 1015 ’
248 1004 393 1066 Sivesuo
406 1005 472 1078 regi
486 1019 597 1082 nomen
611 1018 747 1078 posuere
763 1002 909 1076 Quiritesz

90 1101 94 1109 ’
182 1096 235 1152 too
290 1087 352 1150 Seu
371 1087 442 1163 quia
456 1087 602 1149 Romanis
617 1087 757 1155 iunxerat
770 1087 820 1146 ille
835 1085 940 1148 Cures.
998 1152 1000 1157 ,

246 1173 322 1232 Nam
337 1178 424 1247 pater
436 1172 625 1247 armipotens
642 1178 807 1246 postquam
821 1185 905 1230 nova
917 1170 1039 1230 moenia
1053 1171 1131 1232 uidit

287 1255 444 1330 Multaque
458 1255 607 1315 Romulea
621 1255 702 1314 bella
711 1260 840 1335 peracta
855 1269 956 1328 manu,
1120 1261 1123 1264 '

169 1397 170 1400 ,
246 1339 418 1415 ‘luppiter,’
432 1338 529 1413 inquit
543 1339 647 1397 ‘habet
660 1337 799 1398 Romana
813 1339 949 1414 potentia
968 1338 1064 1398 vires=

285 1423 448 1498 Sanguinis
464 1423 567 1482 ollioio
584 1437 645 1482 non
662 1429 732 1497 eget
745 1423 796 1482 illa
810 1422 878 1482 mei.

179 1519 233 1574 455
248 1507 355 1566 Redde
372 1507 449 1581 patri
465 1512 576 1566 natum.
608 1506 747 1580 quamvis
767 1505 919 1566 intercidit
938 1505 1020 1578 alter,

285 1589 343 1650 Pro
359 1605 394 1650 se
407 1604 527 1664 proque
540 1589 637 1650 Remo
654 1591 706 1663 qui
720 1588 793 1648 milri
807 1595 917 1661 restat,
931 1589 997 1650 erit.
1028 1603 1031 1607 ·

245 1673 353 1733 “Unus
369 1674 438 1747 erit,
454 1687 546 1747 quem
560 1679 592 1732 tu
606 1674 696 1734 tolles
711 1674 741 1733 in
753 1676 874 1732 caerula
888 1673 989 1752 caeli”

284 1757 329 1816 Tu
343 1756 415 1815 mihi
431 1756 544 1816 dixisti.
576 1757 636 1816 sint
649 1763 715 1816 rata
735 1757 816 1816 diota
830 1756 935 1816 Iovis?

244 1839 380 1915 Iuppiter
395 1846 550 1900 annuerat.
577 1846 653 1900 nutu
666 1842 860 1902 tremefactus
874 1844 1004 1918 uterque

179 1928 231 1984 490
283 1923 339 1982 Est
352 1924 459 2000 poluS,
481 1931 510 1982 et
524 1925 600 1983 caeli
615 1924 754 2000 pondera
768 1925 863 1984 movit
877 1925 974 1984 Atlas.

243 2007 297 2066 Est
310 2007 413 2082 locus,
430 2006 545 2082 antiqui
558 2008 693 2082 Capreae
709 2007 814 2068 dixere
830 2008 987 2083 paludems

288 2090 374 2150 Forte
388 2091 448 2150 tuis
463 2091 539 2165 illio,
554 2091 701 2166 Romule,
717 2093 783 2152 iura
798 2091 905 2151 dabas.

243 2172 297 2234 Sol
311 2173 401 2248 fugit,
423 2181 453 2234 et
465 2181 626 2235 removent
640 2174 802 2236 subeuntia
815 2175 919 2236 nubila
933 2171 1062 2247 caelum,

282 2257 320 2316 Et
335 2257 438 2332 gravis
453 2253 560 2318 effusis
577 2257 689 2318 deeidit
703 2256 799 2317 imber
812 2258 911 2333 aquis.

177 2339 229 2394 495
243 2338 321 2398 Hinc
337 2347 433 2413 tonat,
449 2339 520 2400 hinc
534 2342 638 2402 missis
654 2341 844 2418 abrumpitur
858 2339 980 2417 ignibus
994 2340 1110 2401 aether.

282 2421 329 2482 Fit
343 2424 426 2496 luga.
454 2439 510 2483 rex
524 2425 631 2499 patriis
646 2432 729 2485 astra
744 2425 870 2505 petebat
881 2424 979 2501 equis.

240 2506 355 2566 Luctus
371 2513 450 2581 erat,
467 2507 627 2583 falsaeque
642 2514 745 2583 patres
760 2510 790 2568 in
809 2509 933 2569 crimine
952 2507 1072 2568 caedis:

281 2590 503 2664 Haesissetquo
518 2592 626 2652 animis
642 2593 769 2653 forsitan
783 2593 835 2652 illa
849 2593 944 2656 fidesr

240 2672 303 2734 Sed
317 2673 463 2734 Proculus
477 2674 590 2760 ltonga,
601 2676 743 2736 veniebat
756 2676 849 2750 Iulius
862 2675 952 2750 Albo,
1016 2749 1018 2752 Ι
1057 2719 1060 2726 »

175 2767 227 2821 500
281 2755 429 2834 Lunaque
446 2757 596 2833 fulgebat,
612 2775 669 2819 neo
685 2759 762 2820 lacis
778 2777 853 2820 usus
868 2766 943 2834 erat,

111 2841 113 2846 '
239 2841 314 2901 ¹Cum
330 2843 431 2902 subito
446 2849 531 2902 motu
546 2857 657 2918 saepes
672 2849 823 2904 tremuere
838 2845 1028 2904 sinistrae...

279 2923 404 2982 Rettulit
419 2924 469 2982 ille
483 2926 614 2999 gradus,
631 2925 875 3001 horrueruntque
891 2941 1028 2989 comae...

237 3004 366 3064 Pulcher
380 3012 409 3066 et
425 3007 558 3068 humano
574 3011 671 3070 maior
684 3010 852 3084 trabeaque
868 3011 1001 3072 decorus

279 3088 426 3149 Romulus
444 3091 474 3149 in
490 3092 591 3152 media
607 3094 692 3154 visus
707 3093 820 3156 adesse
839 3093 899 3166 vio,
1046 3099 1049 3107 '

175 3177 225 3229 505
239 3171 277 3230 Et
294 3170 411 3230 dixisse
427 3172 515 3234 simul
538 3175 680 3237 ‘Prohibe
694 3178 799 3254 lugere
814 3176 954 3251 Quirites,

276 3253 338 3314 Nee
353 3255 467 3316 violent
481 3258 613 3320 lacrimis
627 3263 749 3321 numina
764 3267 871 3322 nostra
884 3261 961 3321 suis.

237 3335 318 3396 Tura
331 3337 443 3412 lerant,
459 3340 641 3414 placentque
655 3360 768 3404 novum
784 3345 835 3419 pia
850 3343 939 3404 turba
953 3342 1126 3417 Quirinum,

280 3417 444 3493 caprinas
460 3427 541 3480 artes
557 3423 753 3502 militiamque
768 3428 891 3488 colant!
