2520 4012
408 237 463 310 ΠΙ,
485 233 541 313 10,
564 235 682 315 7-11,
703 237 733 301 3.

90 403 124 457 to
139 393 177 454 tlt
192 390 334 467 quamvis
348 390 461 451 boreas
475 389 593 451 iactatis
608 391 730 452 insonet
745 394 810 467 alis,

181 475 307 536 Fluctus
322 474 352 532 in
368 473 500 535 obsesso
515 473 634 548 gurgite
649 477 749 536 nullus
765 478 830 550 erit,

99 573 102 578 ·
140 562 344 633 lnclusaeque
359 558 431 632 gelu
446 557 577 628 stabunt,
593 564 627 618 ul
639 573 799 633 marmore,
814 577 949 637 puppes,

184 643 247 703 Nec
261 641 373 718 poterit
386 641 502 715 rigidas
517 641 635 700 findere
650 657 753 702 remus
768 659 877 718 aquas.

140 726 280 787 Vidimus
295 725 327 784 in
344 725 442 798 glacie
457 723 561 798 pisces
575 723 702 784 haerere
717 727 836 802 ligatoS,

88 813 124 866 to
179 807 242 869 Sed
258 825 330 884 pars
346 824 386 867 ex
400 807 460 867 illis
473 814 546 868 tunc
562 824 687 883 quoque
701 811 772 870 viva
786 809 850 870 luit.

141 891 214 952 Sive
228 892 318 966 igitur
331 892 414 952 nimii
430 891 543 951 boreae
557 892 605 951 vis
621 908 716 952 saeva
731 894 874 968 marinas

182 975 253 1034 Sive
267 976 456 1036 redundatas
471 973 597 1036 flamna
613 977 696 1049 cogit
709 993 817 1051 aquas,

138 1057 290 1132 Protinus
306 1067 437 1134 aequato
452 1059 544 1119 siccis
559 1058 755 1135 aquilonibus
769 1061 882 1136 Histro,

180 1143 335 1202 Invehitur
349 1143 441 1204 celeri
456 1142 606 1204 barbarus
621 1142 718 1203 hostis
735 1157 833 1218 equos

90 1240 123 1292 55
137 1226 243 1286 Hostis
259 1242 339 1302 equo
354 1229 476 1302 pollens
491 1228 645 1302 longeque
659 1228 782 1288 volante
797 1229 907 1302 sagitta

146 1317 156 1329 ·
178 1309 318 1370 Vicinam
332 1313 392 1370 late
407 1310 614 1386 depopulatur
627 1310 760 1372 humum.

137 1392 307 1468 Diffugiunt
320 1395 380 1468 alii,
396 1395 551 1469 nullisque
564 1394 719 1455 tuentibus
735 1409 827 1468 agros

178 1477 386 1538 Incustoditae
401 1478 584 1552 diripiuntur
598 1494 693 1555 opes=
906 1529 911 1542 .

138 1560 231 1622 Ruris
247 1575 324 1637 opes
340 1576 462 1638 parvae,
478 1577 576 1637 pecus
590 1570 620 1622 et
633 1561 793 1623 stridentia
806 1561 953 1636 plaustra,

90 1649 124 1706 60
178 1645 216 1706 Et
231 1661 308 1721 quas
323 1643 444 1706 divitias
459 1646 561 1705 incola
574 1661 692 1721 pauper
706 1645 807 1706 habet.

136 1727 211 1788 Pars
227 1731 324 1806 agitur
337 1728 446 1789 vinctis
464 1735 537 1805 post
551 1736 668 1804 tergum
683 1737 772 1805 capta
785 1727 918 1802 lacertis,

178 1813 364 1889 Respiciens
375 1815 490 1872 lrustra
503 1829 575 1873 rura
588 1815 746 1889 laremque
761 1827 879 1890 suumzy

135 1895 212 1956 Pars
231 1897 311 1958 cadit
324 1897 453 1958 hamatis
468 1897 580 1958 misere
596 1897 719 1958 confixa
732 1897 867 1974 sagittis=
973 1971 982 1976 ⁸

177 1979 253 2040 Nem
265 1979 384 2041 volueri
400 1979 480 2042 leno
494 1981 609 2041 tinnile
622 1982 705 2042 virus
721 1983 812 2042 inest.

87 2069 120 2126 65
137 2059 221 2138 Quae
236 2072 390 2140 nequeunt
405 2081 511 2126 secum
525 2065 605 2125 terre
620 2074 672 2126 aul
685 2065 848 2138 abducere,
863 2064 1005 2138 perdunt

177 2147 216 2207 Et
231 2155 345 2210 cremat
357 2149 496 2210 insontes
510 2147 630 2210 hostien
645 2148 767 2208 flamma
781 2163 882 2208 casas.

136 2231 221 2292 Tunc
237 2248 370 2309 quoque,
386 2249 456 2294 cunt
469 2247 532 2308 pax
546 2239 602 2307 est,
617 2231 772 2308 trepidant
785 2229 946 2292 tormidine
960 2227 1040 2304 belli,

178 2315 240 2375 Nec
256 2317 419 2393 quisquam
434 2331 545 2391 presso
561 2331 685 2377 vomere
700 2316 798 2376 sttlcat
811 2314 944 2376 humum.

136 2402 199 2458 Aut
208 2399 299 2475 videt,
312 2406 363 2460 aut
374 2399 478 2460 metuit
489 2401 576 2460 locus
587 2400 645 2472 hic,
659 2415 749 2474 quern
760 2415 822 2460 non
834 2399 925 2472 videt,
933 2397 1052 2458 hostem

86 2495 121 2551 ἰο
177 2482 284 2545 Cessat
299 2485 380 2544 iners
396 2484 495 2558 rigido
511 2491 592 2544 terra
605 2484 711 2544 relicta
725 2483 795 2544 situ.

137 2565 206 2626 Non
220 2567 270 2626 hic
285 2569 448 2644 pampinea
462 2566 561 2628 dulcis
577 2569 649 2628 latet
661 2583 723 2628 uva
737 2568 794 2628 sub
809 2565 923 2638 umbra,

177 2648 240 2710 Nee
255 2653 409 2712 cumulant
424 2651 502 2712 altos
519 2651 637 2712 fervida
651 2657 752 2711 musta
765 2651 862 2710 lacus.

135 2733 232 2794 Poma
247 2741 338 2810 negat
351 2735 447 2810 regio.
470 2750 528 2795 nec
541 2735 669 2794 haberet
682 2733 840 2804 Acontius
856 2732 886 2790 in
902 2746 963 2807 quo

181 2817 334 2878 Scriberet
348 2818 397 2878 hie
412 2818 554 2879 dominae
569 2816 662 2877 verba
676 2817 807 2892 legenda
820 2829 904 2876 suae.

87 2901 301 2974 conspiceres
317 2903 419 2962 nudos
434 2903 501 2962 sine
515 2902 633 2974 fronde,
651 2901 718 2960 sine
732 2901 850 2974 arbore,
866 2913 1009 2976 composa

179 2983 245 3044 Heu
259 2987 328 3046 loca
344 2986 424 3047 ielici
439 3002 501 3046 non
516 2985 659 3046 adeunda
672 2984 755 3044 virot

112 3081 117 3088 ·
134 3067 217 3142 Ergo
232 3075 294 3129 tam
308 3071 367 3129 lale
381 3075 486 3145 pateat
499 3085 569 3130 curn
583 3068 734 3128 maximus
750 3067 843 3142 orbis,

177 3149 261 3212 Haeo
276 3160 324 3213 est
338 3154 369 3212 ln
385 3169 518 3230 poenam
532 3159 613 3213 terra
626 3157 750 3228 reperta
763 3158 884 3230 meanti

16 3287 17 3326 ³
37 3281 177 3383 -11081
192 3320 260 3397 quis
277 3337 321 3392 es,
338 3323 468 3383 insultes
484 3323 536 3398 qui
551 3322 683 3394 casibus,
699 3322 848 3398 improbe,
862 3321 985 3396 nostris,

17 3413 19 3420 ’
170 3404 283 3483 Meque
297 3421 385 3466 reum
400 3408 523 3481 dempto
538 3406 599 3466 line
615 3413 757 3466 cruentus
773 3421 858 3480 agas,

18 3465 20 3552 i
131 3487 227 3549 Natus
243 3503 278 3548 es
293 3505 312 3550 e
327 3491 474 3567 scopulis,
490 3490 619 3552 nutritus
633 3493 712 3550 laete
727 3489 864 3630 feninea*
