2520 4008
467 192 506 268 v,
529 191 559 267 4,
580 191 698 272 17-5,
714 197 766 258 41.

217 323 337 408 Forsan
352 344 384 404 iu
398 349 535 404 extremo
550 345 690 420 coniugis
705 347 780 409 orbe
794 350 885 411 diem.
981 383 984 388 v

152 433 300 508 tLingua
314 427 423 489 favens
440 426 525 502 assit,
546 433 721 490 nostrorum
737 432 830 494 oblita
844 437 1000 512 malorum,

219 515 312 590 Quae,
337 518 422 588 puio,
445 511 592 572 dedidicit
605 511 666 572 iam
681 513 763 574 bona
776 516 872 578 verba
885 520 980 597 loqui.

178 601 326 675 Quaeque
341 595 437 654 semel
451 599 515 655 toto
531 595 627 655 vestis
642 595 715 656 mihi
730 599 858 660 sumitur
873 619 962 680 anno,

221 681 364 743 Sumatur
379 675 450 738 latis
466 677 603 738 discolor
618 678 688 740 alba
702 681 788 741 meis.

178 769 304 841 Araque
318 762 476 839 gramineo
490 761 601 822 viridis
616 763 655 822 de
671 765 787 840 cespite
801 766 862 842 liat,

136 863 171 918 io
220 850 259 910 Et
271 848 352 907 velet
365 845 488 921 tepidos
503 860 585 910 nexa
599 861 714 908 corona
728 849 827 911 iocos.

178 935 225 996 Da
239 931 311 992 mihi
325 937 401 1006 tura,
424 945 510 1007 puer,
532 929 663 1004 pingues
678 931 821 994 facientia
835 933 984 1013 flammas,

220 1015 370 1090 Quodque
384 1014 438 1089 pio
453 1013 555 1074 iusum
570 1013 679 1074 stridat
693 1014 723 1074 in
739 1016 820 1092 igne,
835 1035 960 1080 merum.

180 1101 298 1177 Optime
311 1097 441 1158 Natalis!
467 1097 608 1172 quamvis
624 1099 732 1173 procul
748 1100 904 1176 absumus,
926 1111 998 1181 opto
1102 1168 1104 1172 ,

219 1182 374 1244 Candidus
389 1179 450 1244 hue
467 1180 572 1240 venias
587 1181 807 1260 dissimilisque
821 1201 900 1246 meu.

136 1279 168 1333 15
181 1267 214 1330 Si
230 1266 314 1345 quod
330 1273 360 1327 et
373 1263 506 1326 instabat
521 1264 663 1326 dominae
678 1267 850 1328 miserabile
864 1270 985 1347 vulnus,

219 1350 264 1412 Sit
278 1351 439 1427 perfuncta
452 1348 529 1410 meis
543 1356 664 1426 tempus
679 1351 710 1410 in
725 1367 814 1413 omne
829 1354 927 1414 malis.

178 1435 323 1511 Quaeque
338 1435 423 1510 gravi
437 1449 536 1510 nuper
549 1434 620 1510 plus
637 1449 728 1509 quam
744 1443 891 1510 quassata
905 1439 1041 1514 procella
1056 1448 1112 1517 est,
1139 1446 1142 1452 '

220 1519 308 1594 Quod
321 1524 474 1595 superest,
496 1524 592 1578 tutum
608 1533 759 1593 permane
772 1521 861 1582 navis
876 1529 934 1584 eat.

176 1603 232 1664 llla
247 1603 338 1664 domo
354 1610 487 1679 nataque
502 1618 559 1663 sua
573 1602 732 1678 patriaque
747 1604 879 1666 fructuri

132 1696 171 1750 ²⁰
220 1687 333 1763 Erepta
346 1686 424 1749 haec
438 1686 491 1748 uni
506 1687 547 1747 sit
560 1687 636 1747 sutis
652 1702 723 1748 esse
737 1687 818 1748 mihi.

178 1771 330 1846 Quatenus
347 1777 377 1830 et
390 1786 451 1832 nun
467 1770 559 1831 estin
575 1785 646 1832 caro
662 1769 791 1848 coniuge
807 1773 889 1849 felix,

215 1854 290 1914 Pars
305 1856 386 1916 vitae
402 1855 475 1918 tristi
492 1860 594 1918 cetera
607 1854 689 1916 nube
703 1862 801 1917 vacet.

82 1957 84 1962 ’
176 1937 277 2015 Vivat,
299 1944 441 2014 ametque
454 1940 562 2016 virum,
584 1940 728 2015 quoniam
742 1940 787 2001 sic
803 1941 929 2018 cogitur,
950 1940 1072 2017 absens,

218 2022 445 2099 consumatque
460 2040 569 2099 anuos,
592 2024 650 2085 sed
665 2024 816 2099 diuturna,
839 2040 925 2088 suos.

130 2113 168 2167 ²5
178 2106 354 2183 Adicerem,
375 2115 406 2170 et
418 2115 552 2170 nostros.
584 2109 695 2168 sedne
709 2108 851 2184 contagia
867 2109 919 2170 lati

217 2190 417 2267 corrumpant
429 2189 531 2268 timeo,
555 2208 635 2268 quos
650 2191 712 2267 agit
726 2191 803 2268 ipsa,
828 2193 896 2252 mei.

174 2273 221 2334 Nil
233 2273 349 2336 homini
364 2283 479 2337 certum
494 2283 550 2338 est.
580 2274 659 2336 Fieri
675 2277 744 2351 quis
759 2291 856 2352 posse
870 2280 998 2351 putaret,

215 2357 256 2418 Ut
269 2359 403 2420 lacerem
416 2361 446 2422 in
461 2360 570 2421 mediis
585 2359 663 2422 haec
678 2375 735 2438 ego
751 2375 840 2422 saera
853 2361 959 2421 Getist

174 2442 298 2518 Aspice,
320 2451 354 2504 ut
368 2457 443 2505 arua
455 2451 557 2506 tamen
571 2445 671 2506 fumos
686 2460 705 2506 e
718 2449 785 2506 ture
800 2451 924 2505 coortos

130 2532 167 2588 ³0
218 2525 252 2586 In
266 2535 370 2603 partes
385 2527 478 2590 Italas
493 2535 522 2589 et
536 2529 606 2590 loca
620 2529 729 2590 dextm
742 2529 828 2590 ierat.

175 2607 292 2671 Sensus
307 2611 387 2673 inest
401 2612 492 2688 igitur
506 2613 640 2686 nebulis,
664 2627 742 2687 quas
757 2612 851 2687 exigit
863 2611 957 2687 ignis:

215 2693 349 2756 Consilio
365 2696 483 2772 lugiunt
496 2697 629 2772 aethera,
650 2697 754 2770 Ponte,
776 2701 870 2756 tuum.

175 2776 322 2854 consitio,
344 2794 505 2844 commune
521 2795 644 2842 sacrum
658 2795 727 2840 omn
740 2778 794 2838 ilat
806 2777 839 2838 in
855 2794 909 2838 ara

98 2845 106 2885 ¹
215 2859 379 2938 Fratribus,
404 2866 521 2926 alterna
536 2865 588 2938 qui
603 2863 722 2940 periere
736 2878 836 2938 manu,

129 2953 166 3010 35
175 2945 249 3022 lpsa
262 2946 321 3008 sibi
336 2949 473 3024 discors,
494 2955 650 3025 tamquam
661 2947 823 3010 mandetur
837 2945 874 3006 ab
889 2945 959 3020 illis,

162 3089 172 3096 ..
215 3028 371 3095 Scinditur
385 3033 416 3094 in
430 3039 534 3110 partes
551 3038 617 3093 atra
631 3031 734 3094 favilla
748 3032 836 3094 duas.

172 3113 248 3188 Hoc,
270 3116 408 3191 memini,
431 3117 588 3193 quondam
601 3116 668 3177 fieri
682 3129 744 3176 non
759 3129 857 3190 posse
870 3114 1027 3190 loquebar,

212 3197 251 3258 Et
265 3215 313 3260 me
327 3199 484 3264 Battiades
499 3201 600 3264 iudice
615 3200 713 3262 ialsus
729 3204 806 3259 erat:

56 3311 65 3329 =
174 3279 282 3344 Omnia
297 3300 379 3346 nunc
394 3283 497 3359 credo,
527 3300 596 3346 cum
612 3291 645 3344 tu
659 3299 721 3343 non
736 3282 847 3344 stultus
862 3283 900 3343 ab
915 3281 1009 3344 Arcto

128 3369 165 3425 tu
216 3365 314 3444 Terga
329 3385 429 3448 vapor
445 3369 568 3432 dederis
582 3367 816 3443 Ausoniamque
829 3372 927 3441 pctus.

168 3449 256 3512 llaec
272 3452 363 3528 igitur
377 3455 430 3516 lux
446 3461 502 3530 est,
526 3468 606 3528 quae
621 3451 647 3513 si
661 3466 724 3512 non
741 3459 806 3513 orta
821 3450 939 3592 suissssft'
