2524 4004
161 209 222 276 188
547 201 608 264 EX
627 201 781 264 P'ONTO

191 373 226 426 20
284 360 456 424 Gauderem
472 356 575 416 lateris
590 369 653 414 non
666 351 814 414 habuisse
828 354 939 414 locum.
993 387 995 394 ·

146 525 150 528 η
242 446 304 508 Nec
320 443 482 520 querulus,
497 438 586 500 turba
601 435 744 512 quamvis
761 435 906 510 eliderer,
922 450 1041 500 essenus

284 527 347 588 Sed
362 526 441 586 foret
455 541 474 584 a
487 523 604 601 populo
618 529 693 580 tunc
708 518 782 580 mihi
798 519 887 582 dulce
903 521 1010 595 premi.

241 611 454 688 prospicerem
467 607 622 684 gaudens,
638 608 771 677 quantus
786 603 866 664 foret
879 603 1010 678 agminis
1025 606 1115 682 ordo,
1140 629 1142 632 ·

283 695 450 771 Densaque
465 707 557 768 quam
570 691 696 762 longum
708 683 800 748 turba
813 693 930 748 teneret
943 687 1009 749 iter.

192 784 226 838 25
242 779 371 857 Quoque
384 775 483 851 magis
498 773 599 847 noris,
616 785 707 847 quam
721 785 770 831 me
783 771 923 846 vulgaria
936 777 1068 847 tangant,

199 921 201 924 .
283 863 477 940 Spectarem,
499 855 751 934 qualispurpura
765 859 796 914 tc
810 860 935 929 tegeret.

242 947 337 1022 Signa
351 954 477 1020 quoque
490 941 522 1000 in
537 939 615 1000 sella
628 951 755 998 nossem
769 938 899 1000 formata
914 937 1021 1014 curuli,

279 1029 318 1090 Et
330 1034 427 1090 totum
440 1023 590 1103 Numidae
605 1021 747 1097 sculptile
762 1021 863 1084 dentis
878 1037 967 1100 opus.

240 1114 281 1173 At
294 1129 367 1174 cum
376 1108 524 1185 Tarpeias
539 1122 627 1167 esses
643 1105 794 1168 deductus
809 1107 841 1168 in
856 1121 957 1180 arces,

190 1207 226 1261 eo
278 1197 356 1260 Dum
371 1194 495 1255 caderet
509 1192 595 1254 iussu
616 1188 739 1250 victima
754 1205 843 1251 sacra
857 1197 918 1267 tuo,
1130 1269 1133 1271 ,

241 1279 290 1340 Me
305 1293 431 1354 quoque
446 1282 566 1337 secreto
582 1280 684 1349 grates
701 1271 760 1335 sibi
774 1289 905 1350 magnus
920 1280 1060 1351 agentem

282 1361 431 1425 Audisset
448 1359 551 1420 media
565 1357 618 1434 qui
633 1357 722 1418 sedet
736 1359 815 1419 aede
829 1359 917 1422 deus.
946 1383 948 1386 ·

240 1448 382 1521 Turaque
395 1451 496 1504 mente
510 1442 609 1518 magis
624 1443 731 1517 plena,
749 1457 841 1519 quam
855 1444 957 1517 lance,
974 1443 1135 1506 dedissem

283 1531 340 1590 Ter
355 1535 478 1607 quater,
493 1526 612 1602 imperii
628 1528 727 1587 laetus
742 1526 861 1587 honore
875 1527 927 1589 tui.

192 1617 225 1672 35
242 1613 293 1674 Sic
308 1627 367 1688 ego
382 1616 563 1687 praesentes
578 1609 657 1670 inter
670 1625 847 1672 numerarer
860 1611 987 1686 amicos,

280 1696 366 1758 Milia
379 1695 427 1755 ius
441 1691 533 1755 Urbis
548 1694 575 1754 si
590 1694 684 1752 modo
705 1695 768 1754 lata
783 1694 908 1756 darents

242 1781 389 1855 Quaeque
403 1775 476 1838 mihi
492 1778 560 1840 sola
575 1777 693 1852 capitur
708 1792 789 1837 nunc
804 1785 904 1840 meme
919 1779 1073 1854 voluptas,

282 1865 365 1925 Tunc
381 1859 479 1922 oculis
495 1861 586 1921 etiam
601 1860 801 1936 percipienda
816 1862 903 1921 leret.
1034 1905 1035 1908 ,
1255 1847 1256 1936 l

241 1947 309 2008 Non
322 1947 364 2008 ita
379 1944 536 2006 caelitibus
552 1944 653 2006 visum
668 1951 777 2018 est,et
790 1945 919 2007 forsitan
933 1945 1063 2022 aequis,
1255 1938 1256 1957 ¹

191 2042 227 2097 lo
282 2031 358 2091 Nam
375 2028 450 2106 quid
464 2044 513 2088 me
527 2043 650 2105 poenae
667 2044 763 2088 causa
777 2035 887 2104 negata
898 2030 1003 2092 iuvet?

240 2114 342 2175 Mente
356 2120 470 2186 tamen,
488 2127 568 2188 quae
583 2111 736 2191 solaloco
751 2128 813 2174 non
829 2113 946 2189 exulat,
962 2117 1039 2188 uter,

279 2198 470 2259 praetextam
484 2197 587 2257 fasces
603 2196 815 2272 aspiciamque
829 2203 909 2258 tuoe.

239 2282 324 2341 Haec
337 2281 432 2341 modo
446 2285 477 2342 te
492 2281 607 2356 populo
621 2280 802 2340 reddentem
815 2279 882 2342 iur'a
895 2278 1020 2356 videbit,

280 2365 319 2424 Et
333 2379 369 2424 se
383 2364 511 2425 secretis
526 2363 620 2438 finget
634 2363 749 2426 adesse
762 2362 856 2425 loeis=

190 2452 224 2506 lt
238 2449 324 2508 Nunc
339 2445 422 2522 longi
435 2446 554 2507 reditus
567 2446 676 2508 hastae
692 2461 868 2524 supponere
884 2447 972 2508 lustri

280 2531 402 2604 cernet,
419 2537 449 2590 et
462 2536 573 2592 exacta
588 2537 698 2593 cuncta
711 2533 816 2592 locare
831 2530 908 2592 fidet

238 2615 326 2675 Nune
340 2614 443 2675 lacera
457 2615 488 2675 in
502 2612 604 2675 medio
620 2614 786 2678 facundum
799 2611 895 2674 verba
909 2619 1026 2686 senatu,

275 2699 400 2760 Publica
421 2705 617 2775 quaerentem
632 2698 706 2773 quid
721 2704 804 2774 petat
818 2697 947 2760 utilitass

122 2829 123 2832 ,
239 2783 325 2845 Nune
340 2799 397 2861 pro
413 2780 596 2844 Caesaribus
611 2781 735 2858 superis
750 2781 918 2843 decernere
931 2785 1043 2856 grates,

190 2880 225 2934 50
279 2867 400 2927 Albave
415 2865 587 2942 opimorum
602 2865 682 2927 colla
698 2866 789 2928 lerlre
802 2864 905 2928 boum.
1180 2931 1184 2940 ,
1254 2899 1255 2910 1

239 2949 487 3025 Atqueutinam,
503 2947 756 3012 cumiamlueris
772 2947 1066 3026 potioruprecatus,
1254 2919 1255 3005 l

280 3031 320 3092 Ut
334 3029 406 3092 mihi
421 3034 559 3108 placetur
574 3032 705 3094 numinis
721 3033 780 3106 ira,
795 3037 903 3106 roges!

178 3121 181 3126 ’
242 3113 354 3190 Surgat
368 3116 408 3177 ad
423 3115 503 3178 hanc
517 3129 626 3175 vocem
641 3115 734 3192 plena
747 3115 819 3190 pius
834 3112 914 3190 ignis
928 3113 969 3173 ab
984 3128 1047 3188 ara,

282 3198 403 3274 Datque
417 3198 531 3260 bonum
544 3206 619 3260 voto
635 3198 757 3260 lucidus
772 3211 863 3260 omen
877 3212 968 3281 apex.

190 3283 372 3354 ot‘lnterem
389 3298 449 3358 qua
462 3291 550 3360 parte
565 3283 649 3358 licet,
665 3298 705 3343 ne
720 3291 830 3345 cuncta
845 3295 1019 3358 queramur,

276 3364 333 3426 Hic
349 3381 473 3440 quoque
487 3372 517 3426 te
532 3368 643 3428 festum
659 3367 787 3444 consule
800 3373 923 3441 tempus
938 3379 1037 3440 agam.

237 3447 342 3508 Altera
356 3446 503 3522 laetitiae,
521 3465 581 3511 nec
595 3449 710 3512 cedens
726 3465 821 3514 causa
834 3448 940 3526 priori,
1032 3503 1035 3508 .
