2520 4008
158 207 200 273 90
524 244 528 250 ,
552 195 782 260 Telsrltilh

241 355 291 418 An
306 357 455 434 peragunt
470 351 578 414 solitos
594 350 766 411 eommunia
779 353 919 424 tempora
932 352 1045 422 motus,

284 439 422 512 Suntque
437 436 534 512 magis
549 437 631 496 vitae
644 442 784 509 tempora
798 431 875 492 dura
891 437 1001 502 maaet
1088 429 1090 436 ’
1109 439 1110 442 ’

244 523 339 598 Quem
354 527 436 581 tenet
448 515 561 581 Euxini
576 519 710 580 mendax-
724 516 906 591 cognomine
922 514 1003 589 litae,

283 607 322 668 Et
337 605 473 684 Scythici
488 619 562 664 vere
575 610 656 664 terra
668 601 793 672 sinistra
808 599 886 662 freti.

203 701 237 757 15
247 692 428 752 Innumerae
443 688 524 748 circe
539 693 646 762 gentes
661 683 820 744 sarabella
834 682 995 754 minantur,

285 775 368 849 Quae
385 771 443 833 sibi
458 787 520 840 non
534 777 621 846 rapto
637 769 742 830 vivere
756 774 845 843 turpe
859 772 975 842 putant.

242 859 290 920 Nil
305 865 391 918 extra
405 861 502 916 tutum
516 861 573 914 est.
603 853 734 914 tumulus
750 849 923 919 defenditur
936 863 1027 924 aegre

226 985 228 992 >
283 939 445 1002 Moenibus
461 938 580 1014 exiguis
594 937 779 1012 ingenioque
793 933 863 996 loci.

135 1047 137 1054 ·
244 1023 318 1085 Cum
331 1023 454 1083 minime
467 1022 585 1096 credas,
607 1027 640 1080 ut
654 1021 730 1094 avis,
752 1018 954 1080 densissimus
968 1015 1068 1077 hostis

201 1119 237 1174 he
286 1107 431 1181 Advolat,
453 1113 483 1166 et
496 1105 642 1181 praedem
655 1105 708 1164 vix
721 1102 801 1164 benc
815 1103 902 1164 visus
916 1100 987 1176 agit.

246 1191 348 1267 Saepe
362 1191 441 1252 intra
455 1205 559 1251 muros
575 1188 688 1253 eleusis
703 1187 857 1248 venienda
871 1185 967 1261 portis

285 1274 343 1334 Per
356 1273 474 1337 medias
490 1274 620 1348 legimus
635 1273 728 1332 noxie
742 1272 803 1331 tela
817 1271 896 1330 vias.

244 1359 299 1420 Est
312 1358 402 1434 igitur
416 1374 513 1431 renue,
539 1373 593 1420 rus
609 1356 661 1432 qui
675 1357 777 1417 colere
794 1354 913 1430 audeat
939 1354 1027 1427 isque

284 1437 350 1502 Hac
364 1449 430 1502 arat
443 1441 557 1516 infelix,
578 1441 637 1501 hae
652 1447 734 1502 tenet
748 1455 832 1500 arma
845 1455 947 1498 manu.
1165 1511 1167 1516 Ι
1244 1481 1245 1520 t

148 1521 238 1590 '25
252 1526 315 1588 Sub
330 1525 418 1600 galea
436 1532 544 1602 pastor
559 1525 669 1586 iunctis
684 1525 754 1600 pice
768 1529 868 1585 cantat
882 1520 998 1597 avenis,
1101 1577 1105 1581 .
1244 1545 1245 1554 ¹

284 1609 406 1684 Proque
420 1610 493 1684 lupo
509 1609 639 1685 pavidae
652 1607 733 1668 belle
749 1613 890 1669 verentur
905 1622 990 1668 oves.
1080 1625 1083 1632 ·
1244 1621 1245 1636 ¹

244 1695 306 1754 Vix
321 1708 381 1769 ope
396 1693 513 1754 castelli
527 1693 728 1755 defendimur.
757 1699 901 1752 ettamen
915 1691 995 1750 intus

197 1827 198 1830 ,
285 1777 380 1837 Mixta
395 1777 467 1838 facit
482 1777 607 1838 Graecis
621 1775 752 1837 barbara
765 1776 854 1836 turha
866 1783 988 1837 metum.
1063 1779 1065 1786 “
1080 1793 1085 1796 “

245 1861 364 1937 Quippe
379 1861 468 1922 simrd
483 1859 573 1921 nobis
587 1860 703 1922 habitat
716 1859 891 1920 discrimine
904 1858 986 1921 nullo
1013 1887 1015 1891 ·

168 1985 173 1992 -
203 1951 238 2008 ie
287 1943 451 2020 Barbarus,
473 1950 504 2005 et
516 1945 587 2019 teeti
601 1947 672 2020 plus
688 1959 812 2019 quoque
826 1949 912 2019 perte
926 1946 1019 2002 tenet.
1072 1981 1076 1988 ,

193 2069 194 2072 κ
246 2027 336 2103 Quos
343 2034 377 2088 ut
390 2044 453 2089 non
465 2028 584 2104 timeas,
602 2027 707 2104 possis
723 2028 829 2088 odisse
843 2025 978 2088 videndo

285 2110 417 2172 Pellibus
433 2118 463 2171 et
476 2113 569 2186 longa
585 2119 711 2187 pectora
724 2117 805 2173 tecta
819 2127 917 2198 coma.
1121 2177 1127 2188 ,

228 2213 229 2218 ’
244 2195 309 2256 Hos
325 2211 458 2270 quoque,
482 2195 533 2270 qui
548 2196 640 2270 geniti
656 2195 746 2256 Graia
761 2194 926 2256 ereduntur
940 2191 978 2252 ab
993 2189 1078 2268 urbe,

285 2279 342 2340 Pro
358 2279 456 2356 patrio
472 2279 555 2340 cultu
568 2279 692 2340 Persica
705 2278 818 2340 bracca
830 2279 913 2352 tegit.
1017 2335 1020 2342 ,

203 2369 237 2424 35
247 2362 398 2424 Exercent
411 2362 455 2424 illi
470 2363 575 2428 sociae
590 2363 773 2424 commercia
786 2363 924 2438 linguaet

284 2444 343 2505 Per
356 2452 476 2521 gestum
490 2462 541 2507 res
556 2453 604 2507 est
618 2445 821 2522 significanda
834 2445 917 2521 mihi.
1005 2503 1006 2506 ,

137 2576 140 2582 ,
244 2527 399 2591 Barbarus
414 2530 465 2590 hic
481 2546 539 2606 ego
556 2546 633 2606 sum,
659 2531 731 2605 quia
745 2545 807 2599 non
822 2530 981 2604 intellegor
995 2526 1056 2601 ulli,
1076 2538 1078 2542 ’

284 2613 322 2673 Et
335 2613 436 2675 rident
451 2614 554 2674 slolidi
568 2613 664 2674 verba
678 2615 786 2676 Latina
802 2614 905 2675 Getae.

244 2696 356 2771 Meque
372 2699 472 2773 palam
488 2699 527 2760 de
541 2713 590 2758 me
604 2704 668 2759 tuto
683 2699 764 2760 mala
778 2713 874 2773 saepe
888 2700 1063 2771 loquuntur,

202 2787 238 2842 40
287 2781 428 2842 Forsitan
444 2781 578 2843 obiciunt
592 2782 777 2858 exiliumque
791 2781 873 2841 mihi.

192 2863 344 2939 -Ulque
360 2865 402 2938 fit,
425 2866 456 2926 in
471 2880 520 2924 me
534 2865 659 2940 aliquid,
681 2865 708 2926 sl
724 2867 798 2941 quid
813 2863 984 2927 dicentibus
999 2861 1059 2922 illis

191 2945 233 2998 ..ὲ
266 2945 451 3014 ¹Abnuerim
467 2948 610 3023 quotiens
624 2949 855 3026 adnuerimque
879 2952 995 3026 putant.

242 3029 342 3105 Adde,
365 3030 450 3104 quod
464 3029 609 3093 iniustum
623 3033 721 3108 rigido
737 3034 785 3094 ius
801 3029 1009 3105 molimense,

281 3113 398 3175 Dantur
411 3119 441 3174 et
455 3114 486 3175 in
499 3115 602 3177 medio
617 3118 746 3177 vulnera
759 3133 855 3194 saepe
869 3117 957 3177 loro·
1028 3165 1029 3168 ,

202 3195 272 3263 450
289 3196 396 3257 duram
409 3197 569 3273 Lachesin,
596 3215 676 3274 quae
689 3207 751 3260 tam
764 3216 860 3276 grave
875 3198 963 3262 sidus
978 3193 1103 3264 habenti

286 3277 351 3340 Fila
366 3281 451 3345 dedit
463 3284 544 3344 vitae
558 3299 621 3344 non
636 3283 780 3346 breviora
794 3290 896 3346 meae!

245 3361 333 3436 Quod
348 3366 464 3440 patriae
474 3367 561 3428 vultu
574 3373 743 3444 vestroque
757 3383 907 3443 caremus,
932 3363 1030 3436 amici,

171 3479 174 3484 -
286 3445 390 3523 Atque
403 3449 453 3509 hio
468 3449 499 3508 in
515 3449 669 3527 Scythicis
685 3452 828 3526 gentihus
844 3466 916 3512 esse
928 3461 1056 3524 'queron
1156 3495 1159 3500 .
