2520 4008
148 235 213 302 114
401 219 403 222 ’
512 239 514 243 ’
549 230 609 290 ux
629 228 778 291 rouro

232 385 369 448 Adiuvat
383 385 413 445 in
430 383 510 444 hello
526 387 654 457 pacatae
670 383 774 442 narnus
788 381 908 443 'olivaez

199 475 201 477 ’
274 467 414 530 Proderit
426 463 584 530 auctorem
598 465 687 542 pacis
702 463 817 540 habere
830 465 930 526 nihilt

234 556 306 615 Cum
321 553 400 615 teret
409 553 540 613 ‘Aeneae
554 549 660 610 cervix
675 547 813 610 subiecta
827 552 957 628 parenti,
1025 605 1039 627 ι,
1143 603 1145 607 .

275 637 390 698 Dicitur
408 637 480 712 ipsa
492 633 559 710 vira
575 633 699 693 flamma
714 633 841 694 dedisse
854 633 952 694 viana
1034 684 1036 689 ,

181 730 216 784 35
230 721 300 782 Fert
316 721 392 782 liber
405 717 589 791 Aeneaden,
610 723 640 776 et
653 731 715 775 non
731 716 788 776 iter
803 733 893 778 omne
913 719 1050 794 patebit?

263 808 316 865 vllt
329 805 447 881 patriae
461 808 549 878 pater
562 801 629 874 hic,
649 799 751 875 ipsius
771 800 822 860 ille
842 801 905 861 luit.

231 889 347 964 Ecquis
362 889 404 947 ita
418 892 466 947 est
479 885 599 957 audax,
615 890 650 944 ut
664 883 767 944 limine
790 891 880 960 cogat
895 885 979 946 abire

210 983 211 986 ’
273 973 439 1032 lactantem
451 965 692 1028 Phartannnuta
707 967 799 1028 sistra
813 976 927 1030 manus

170 1127 174 1138 .
231 1057 311 1116 Ante
325 1056 417 1116 deum
429 1053 557 1114 Matrem
572 1066 669 1114 cornu
683 1051 796 1115 tibicen
811 1053 931 1114 adunco

180 1148 228 1212 40·
273 1140 345 1201 Cum
358 1139 455 1214 canit,
471 1137 601 1214 exiguae
616 1135 685 1212 quis
701 1137 789 1212 stipis
805 1152 878 1198 aera
896 1145 1008 1213 negat?
1068 1190 1071 1196 .

234 1223 354 1284 Scimus
369 1222 408 1284 ab
423 1221 553 1298 imperio
569 1219 636 1284 fleri
651 1221 694 1280 nil
711 1220 772 1282 tale
786 1221 918 1291 Dianae:

274 1307 364 1368 Unde
378 1307 591 1379 tamenvivat,
611 1303 794 1366 vaticinator
807 1305 908 1372 habet,

231 1393 306 1468 ipsa
325 1399 451 1452 movent
464 1391 585 1452 animas
600 1403 785 1466 superorum
799 1389 924 1454 numina
937 1398 1073 1466 nostros,

129 1550 132 1554 ,
273 1476 376 1551 Turpe
391 1490 448 1536 nec
463 1481 512 1537 est
525 1475 579 1535 tali
595 1473 777 1535 credulitate
792 1475 872 1549 capi.
906 1509 908 1516 ι

180 1566 215 1620 45
229 1558 289 1631 En,
312 1573 370 1634 ego
386 1574 443 1634 pro
460 1558 553 1619 sistro
566 1557 755 1636 Phrygiique
769 1557 918 1618 toramine
932 1557 1006 1619 buxi

271 1642 379 1705 ‘Gentis
394 1642 496 1715 luteae
511 1643 635 1702 nemina
647 1647 757 1702 sancta
771 1641 847 1701 lero.
863 1640 869 1716 s

231 1724 391 1786 vaticinor
411 1741 596 1801 moneoque.
628 1725 730 1786 locum
744 1725 816 1786 date
836 1725 1065 1805 sacra-lerenti!

273 1809 341 1870 Nan
356 1808 444 1886 mihi,
460 1808 517 1871 scd
531 1824 643 1887 magne
663 1809 802 1885 poscitur
820 1807 871 1868 ille
890 1809 959 1889 deo.

233 1891 296 1954 Nee
311 1894 384 1968 quia
398 1894 448 1954 vel
467 1893 577 1967 merui,
601 1892 651 1953 vel
667 1893 755 1954 sensi
766 1892 916 1969 principis
931 1890 1015 1966 iram,
1031 1935 1033 1940 ,

182 1985 217 2038 50
271 1979 301 2036 A
314 1977 405 2038 nobis
421 1978 524 2054 ipsum
538 1977 621 2038 nelle
636 1983 743 2053 putate
755 1977 825 2038 celi.
879 2027 882 2031 ,

235 2060 305 2120 Vidi
319 2075 377 2136 ego
393 2061 539 2136 linigerae
556 2076 668 2141 numen
682 2061 821 2122 violasse
836 2061 979 2123 latentem

275 2145 368 2206 Isidis
383 2145 501 2206 Isiacos
521 2147 592 2206 ante
606 2145 718 2206 sedere
732 2146 847 2206 loces·
969 2193 970 2198 1

234 2229 333 2303 Alter,
351 2228 477 2290 ela-huic
491 2229 621 2290 similem
637 2227 773 2304 privatus
788 2227 902 2290 lumine
917 2229 1047 2305 culpam,

170 2310 172 2313 ’
217 2391 218 2394 ¹
274 2311 430 2374 Clamabat
443 2313 545 2373 media
559 2329 594 2372 se
608 2311 760 2390 meruisse
773 2313 834 2373 via.

179 2401 216 2454 55
231 2395 316 2456 Talia
331 2398 483 2458 caelestes
499 2397 565 2464 ficri
582 2397 749 2472 praeconia
762 2398 908 2472 gaudent,

227 2557 228 2560 Ἴ
274 2479 313 2540 Ut
327 2495 385 2539 sua
402 2479 477 2554 quid
497 2481 619 2541 valeant
634 2481 772 2555 numina,
789 2482 867 2542 teste
883 2481 1021 2556 probent.

103 2605 111 2622 ,
233 2561 334 2638 Saepe
348 2564 451 2625 levant
466 2580 585 2640 peenas
604 2571 772 2641 ereptaque
791 2565 904 2625 lumina
920 2565 1061 2637 reddunt,

276 2645 349 2706 Cum
367 2647 448 2710 bene
465 2649 583 2724 peccati
602 2648 793 2724 paenituisse
809 2648 924 2708 vident.

230 2729 380 2807 Paenitet,
401 2738 437 2793 et
457 2731 575 2808 siquid
593 2733 776 2794 miserorum
791 2732 926 2792 ereditur
944 2731 1006 2806 ulli,

182 2817 217 2874 60
272 2813 423 2892 Paenitet,
439 2823 469 2878 et
484 2818 566 2878 lacto
580 2823 727 2893 torqueor
742 2817 810 2891 ipse
830 2831 909 2878 mec.

233 2899 371 2976 Cumque
385 2901 425 2960 sit
439 2899 578 2974 exilium,
595 2902 694 2976 magis
712 2908 761 2961 est
779 2899 852 2960 mihi
872 2900 965 2975 culpa
984 2897 1104 2958 delerit

272 2981 390 3057 Estque
401 2984 470 3060 pati
489 2999 636 3060 poenam,
657 3000 750 3060 quam
765 2985 933 3058 meruisse,
953 2981 1066 3042 minus.
1121 3039 1122 3046 ,

231 3066 271 3126 Ut
289 3065 363 3124 milri
380 3066 411 3126 di
427 3069 564 3140 faveant,
586 3067 699 3144 quibus
716 3075 765 3128 est
780 3067 971 3152 manifestior
989 3065 1080 3139 Ipse:

274 3147 377 3210 Poena
391 3158 495 3227 petest
510 3152 606 3226 demi,
623 3152 724 3228 culpa
731 3151 877 3226 perennis
897 3149 964 3210 erit.

180 3239 214 3294 ta
228 3232 313 3294 Mers
330 3233 421 3308 saciet
440 3243 536 3310 certe,
551 3251 591 3296 ne
608 3235 681 3310 sim,
697 3251 766 3296 eum
784 3233 918 3306 venerit,
934 3231 1021 3298 exule

272 3317 317 3376 Ne
336 3333 399 3378 non
419 3321 587 3396 peccarim,
602 3335 687 3380 mors
704 3331 829 3394 quoque
846 3333 908 3378 non
923 3313 1023 3376 faciet

231 3401 299 3462 Non
318 3401 409 3477 igitur
427 3401 547 3477 mrum,
570 3403 597 3464 sl
612 3418 699 3464 mens
714 3417 783 3462 mea
801 3401 906 3472 tabida
926 3399 1009 3460 lacta

274 3485 320 3548 De
334 3485 408 3563 nive
422 3487 572 3549 manantis
586 3501 672 3549 nmre
691 3486 834 3561 liquescit
853 3497 962 3560 aquae.
972 3541 989 3556 x
1056 3493 1060 3501 ’
