2520 4008
413 230 469 304 ιι,
493 228 549 304 10,
573 225 700 308 ro÷v,
723 231 757 310 1,
779 234 809 296 o.

233 380 392 443 Occultum
406 379 513 440 stellae
529 382 790 460 conspicuumque
804 387 918 462 polum.

132 521 137 527 ,
187 469 281 528 Tacta
300 463 373 524 mibi
392 462 514 524 taudem
528 464 628 539 longis
643 469 796 528 erroribus
812 478 880 532 acto

124 561 177 614 ιιι
229 550 335 609 Iuncta
352 547 533 623 pharetratis
545 547 695 609 Sarmatis
710 565 765 610 oro
784 552 877 614 Getis.

190 634 247 694 Hic
265 647 322 707 ego
338 630 474 690 finitimis
490 632 629 704 quamvis
645 633 855 698 circumsoner
869 640 971 714 amris,
1020 697 1025 708 ,

230 716 353 790 Tristia,
371 729 433 789 quo
448 729 591 789 possum,
606 717 742 778 carmine
755 719 818 779 lata
831 719 911 783 levo.

155 861 165 866 ,
191 799 277 875 Quod
294 797 432 874 quamvis
448 811 538 858 nemo
554 806 616 874 est,
632 801 719 862 cuius
737 802 886 866 reseratur
900 804 940 864 ad
954 821 1055 882 aures,

235 883 285 943 Sic
299 889 398 942 tamen
416 879 545 941 absumo
562 881 746 960 decipioque
761 885 860 946 diem

126 976 177 1030 115
189 967 270 1041 Ergo
287 965 369 1040 quod
388 965 475 1036 vivo,
498 963 645 1039 durisque
659 965 815 1030 laboribus
834 969 932 1047 obsto,

231 1051 293 1112 Nec
311 1064 359 1108 me
373 1047 524 1110 sollicitae
538 1048 641 1109 taedia
654 1050 731 1110 lucis
745 1051 866 1128 babent,

192 1133 307 1206 Gratia,
322 1131 427 1205 Musa,
443 1131 507 1190 tibi.
542 1147 613 1191 nam
626 1139 659 1192 tu
673 1135 789 1195 solacia
804 1135 944 1213 praebes,

232 1218 277 1276 'lu
291 1231 382 1276 curae
396 1215 535 1290 requies,
552 1221 586 1277 tu
600 1216 751 1277 medicina
766 1220 864 1279 venis.

190 1301 235 1360 Tu
249 1300 313 1362 dux
328 1307 357 1358 et
373 1313 477 1358 comes
493 1313 538 1358 es.
573 1304 605 1359 tu
620 1315 678 1360 uos
692 1300 821 1362 abducis
837 1301 875 1362 ab
889 1302 1002 1380 Histro,

125 1392 180 1444 lau
232 1383 265 1442 In
282 1383 447 1457 medioque
462 1381 535 1440 mihi
551 1382 771 1457 dasHelicoue
789 1386 900 1445 locum.

190 1467 234 1528 Tu
247 1466 335 1540 mihi,
352 1467 436 1542 quod
449 1481 551 1526 rarum
569 1474 631 1542 est,
648 1468 719 1528 vivo
735 1468 864 1530 sublime
878 1470 990 1532 dedisti

232 1549 364 1625 Nomen,
379 1551 419 1610 ab
434 1549 574 1623 exequiis
591 1551 675 1626 quod
692 1551 766 1612 dare
781 1553 863 1612 lama
876 1555 964 1614 solet.

190 1631 253 1693 Nec
268 1635 318 1709 qui
334 1634 480 1695 detrectat
494 1635 682 1708 praeseutia,
702 1633 795 1694 Livor
807 1635 913 1712 iniquo

233 1717 332 1778 Ullum
346 1719 386 1778 de
400 1717 515 1778 uostris
530 1717 622 1778 dente
636 1719 903 1795 momorditepus.

126 1808 178 1864 12⁵
189 1799 264 1862 Nam
278 1802 399 1862 tulerint
412 1816 542 1876 magnos
557 1817 625 1862 cum
639 1801 764 1862 saecula
777 1810 884 1864 nostra
897 1811 1016 1879 poetas,

233 1885 301 1945 Non
315 1886 371 1945 luit
383 1886 507 1960 iugenio
522 1885 604 1944 lama
617 1885 751 1959 maligna
764 1901 843 1947 meo.

192 1967 328 2044 Cumque
341 1983 401 2044 ego
422 1982 611 2044 praeponam
630 1969 742 2030 multos
758 1970 844 2044 mihi,
864 1985 925 2031 uon
939 1971 1039 2032 minor
1057 1969 1116 2031 illis

200 2093 203 2104 .
233 2051 326 2112 Dicor
338 2060 370 2112 et
384 2054 414 2112 in
427 2059 492 2112 toto
508 2051 656 2127 plurimus
673 2051 747 2113 orbe
760 2054 856 2128 legor.

165 2201 167 2205 ,
190 2133 224 2193 Si
240 2135 316 2209 quid
329 2136 441 2196 habent
454 2135 546 2210 igitur
560 2143 663 2197 vatum
677 2137 841 2211 praesagia
855 2137 929 2208 veri,

126 2225 180 2281 130
231 2217 373 2280 Protinus
389 2227 422 2280 ιιι
435 2219 562 2294 moriar,
578 2234 640 2280 nou
656 2234 726 2292 ero,
742 2226 838 2294 terra,
853 2226 933 2281 tuus

191 2299 264 2362 Sive
279 2303 386 2364 lavore
400 2303 468 2378 tuli,
483 2303 551 2364 sive
565 2303 644 2364 haue
659 2317 717 2380 ego
733 2301 867 2362 carmine
886 2303 997 2363 lamam

231 2386 315 2461 Iure,
328 2386 383 2446 tibi
397 2394 515 2462 gratae,
531 2387 662 2448 candide
681 2389 791 2460 lector,
807 2402 876 2462 ago.

504 2547 720 2562 ῃ·

395 2656 546 2740 LIBER
586 2655 819 2748 QUINTUS·

119 2774 162 2868 1·
183 2772 274 2870 Hunc
288 2824 413 2885 quoque
427 2810 467 2870 de
481 2811 604 2884 Getico,
620 2809 716 2870 nostri
731 2806 884 2880 studiose,
900 2805 1034 2867 libellum

230 2891 333 2952 Litore
346 2895 528 2968 praemissis
543 2899 688 2970 quattuor
701 2892 782 2952 adde
796 2890 882 2952 meis.

188 2977 245 3036 Hic
261 2991 386 3052 quoque
405 2977 475 3038 talis
490 2978 562 3052 erit,
578 2976 677 3052 qualis
691 2975 814 3038 fortuna
827 2981 953 3050 poetam

229 3059 373 3120 invenies
388 3067 453 3122 toto
469 3061 604 3120 carmine
618 3061 709 3121 dulce
723 3058 807 3118 nihil.
909 3059 911 3064 '

155 3151 172 3203 o
185 3140 311 3202 Flebilis
326 3152 361 3205 ut
373 3152 480 3206 noster
494 3152 591 3205 status
607 3149 669 3218 est,
683 3142 726 3203 ita
737 3141 840 3202 flebile
859 3155 992 3217 carmen,

225 3224 375 3288 Materiae
391 3229 506 3304 scn'pto
528 3228 729 3288 conveniente
743 3241 829 3286 suae.

185 3309 309 3384 integer
324 3318 355 3371 et
367 3311 465 3372 laetus
484 3313 564 3372 laeta
579 3319 610 3372 et
621 3307 766 3370 iuvenilia
781 3309 857 3371 lusi=

227 3393 285 3452 illa
297 3400 399 3454 tamen
414 3410 496 3454 nunc
509 3409 559 3454 me
570 3393 786 3469 composuisse
802 3392 895 3467 piget.

183 3473 225 3536 Ut
244 3477 357 3554 cecidi,
373 3479 466 3540 subiti
481 3492 596 3554 perago
615 3475 781 3554 praeconia
797 3487 898 3546 casus,
