2454 4004
164 193 227 262 ate
545 196 825 261 rnsrcaun
946 280 949 282 q

173 367 177 374 ²
249 349 289 409 nt
303 355 335 410 tu
350 355 485 410 materno
500 350 624 426 donasti
639 349 761 410 nemine
776 364 922 424 mensem,
1034 347 1036 352 ’

291 433 435 492 Inventor
448 429 575 510 curvae,
591 433 708 495 iuribus
722 439 801 508 apte,
819 433 901 492 fidis.
1064 471 1071 480 -

183 521 234 578 105
249 515 311 574 Nec
326 515 426 590 pietus
440 516 518 578 haee
534 518 631 594 prima
646 513 696 578 tua
711 521 768 577 est,
797 511 928 592 septena
942 516 1068 592 putaris,

288 598 446 660 Pleiadum
460 616 627 676 numerum,
650 602 703 662 iria
718 597 844 662 dedisse
864 601 984 676 lyrae!

247 681 331 740 Haec
348 698 471 758 queque
486 685 627 744 desierat.
656 685 781 744 laudata
796 689 844 754 est
858 699 937 744 voce
951 695 1095 747 sororum

289 764 367 839 Quid
383 767 513 830 lucianii
533 767 640 828 turbae
655 785 728 845 pars
743 766 835 826 habet
850 768 949 834 omnis
964 767 1054 828 idem.

249 847 517 912 GratiaPieridum
531 851 620 912 nabis
635 851 802 926 aequaliter
815 850 901 924 assit,

183 940 235 994 110
287 933 436 1011 Nullaque
450 933 590 996 laudetur
604 937 715 1012 plusve
729 935 871 996 minusve
885 933 967 993 mihi.
1006 981 1007 988 ,
1028 953 1031 956 ·

456 1066 485 1130 l.
506 1067 614 1146 [A·K·
629 1064 891 1146 MAl·ll³nvn1]
922 1092 928 1102 ·

214 1203 227 1261 g
246 1185 276 1246 Α
289 1186 364 1246 love
378 1190 483 1258 surgat
496 1199 586 1258 opus.
613 1181 713 1243 Prima
728 1181 800 1242 mibi
816 1190 906 1245 noete
921 1183 1055 1244 videnda
1095 1253 1103 1262 ,

286 1268 380 1328 Stella
394 1273 441 1326 cst
455 1267 486 1325 in
502 1281 597 1328 eunus
613 1267 755 1328 officiosa
768 1267 867 1326 Ievis:
904 1275 907 1283 '

237 1353 386 1414 ‘Nascitur
401 1350 525 1411 Oleniae
540 1353 661 1430 signum
677 1349 809 1426 pluviale
824 1351 982 1426 Capellae:

287 1436 343 1496 Ille
357 1435 421 1496 dati
434 1437 552 1494 caelum
566 1435 703 1510 praemia
717 1434 804 1496 lactis
818 1433 920 1494 habet.

181 1525 232 1587 115
247 1519 320 1580 Nais
332 1518 508 1592 Amalthea,
530 1519 656 1578 Cretaea
670 1517 780 1580 nobilis
795 1517 858 1592 Ida,

287 1603 403 1663 Dicitur
416 1602 447 1662 in
462 1601 547 1662 silvis
564 1601 739 1664 occuluisse
753 1604 867 1662 lovem.

245 1685 322 1746 Huic
338 1687 392 1747 luit
405 1685 573 1746 haedorum
587 1691 682 1746 rnater
696 1687 833 1747 formosa
847 1687 985 1760 ducrum,

282 1770 363 1830 Inter
377 1770 520 1829 Dictaeos
534 1769 755 1846 conspicienda
768 1785 888 1844 greges,

247 1851 396 1914 Cornibus
412 1852 503 1914 aeriis
517 1861 609 1930 atquc
623 1853 655 1912 in
670 1869 727 1914 sua
744 1862 830 1928 terga
843 1851 989 1924 recurvis,

178 1944 230 1998 120
284 1929 400 2009 Ubere,
424 1937 507 2012 quod
523 1939 622 1998 nutrix
638 1943 747 2012 pcssct
759 1935 875 1996 habere
888 1936 982 1995 levis.

244 2021 306 2082 Lac
321 2019 414 2081 dabat
426 2021 478 2080 illa
493 2019 563 2081 deo.
590 2022 647 2081 sed
662 2021 752 2096 tregit
766 2021 795 2080 in
811 2021 922 2080 arbore
937 2024 1044 2093 cornu,

285 2103 464 2180 Truncaque
481 2100 607 2164 dimidia
621 2113 707 2180 parte
721 2105 842 2165 decoris
856 2110 930 2164 erat.

247 2187 374 2248 Sustulit
386 2189 446 2250 hcc
461 2189 605 2267 nymphe,
621 2189 776 2264 cinxitque
789 2188 963 2248 recentibus
979 2187 1094 2263 herbis,

286 2271 323 2330 Et
337 2273 460 2347 plenum
471 2273 575 2348 ‘pernis
591 2273 632 2331 ud
645 2273 726 2333 levis
743 2288 798 2332 ora
812 2273 887 2332 tulit.

181 2363 228 2417 125
244 2354 297 2414 ille
310 2355 363 2414 ubi
379 2370 429 2415 res
445 2357 522 2415 caeli
537 2357 644 2430 tenuit,
669 2356 810 2431 solioque
825 2362 958 2430 paterne

288 2437 387 2510 Sedit,
411 2447 441 2498 et
455 2440 565 2501 invicto
581 2439 623 2498 nil
637 2437 711 2500 leve
725 2439 823 2500 mulus
838 2443 911 2513 erat,

244 2520 354 2581 Sidere
369 2522 530 2596 nutricem,
547 2523 673 2584 nutricis
689 2523 786 2583 lertile
800 2538 896 2582 cornu

285 2603 376 2667 Fecit.
406 2605 490 2680 quod
506 2606 647 2666 dominae
661 2623 742 2667 nunc
758 2621 883 2682 quoquc
897 2621 1007 2666 nornen
1023 2605 1128 2664 habet.

244 2689 440 2750 Praescribus
455 2689 553 2750 Maiae
567 2689 697 2751 Laribus
713 2691 817 2750 videre
831 2689 989 2750 Kalendae

180 2781 231 2836 130
283 2776 379 2840 nram
393 2774 535 2834 constitui
550 2788 710 2850 parvaque
724 2775 812 2849 signa
827 2774 927 2833 deurn.

244 2857 381 2920 voverat
394 2858 446 2918 illc
461 2857 585 2932 quidem
598 2857 716 2918 curius.
745 2858 802 2917 sed
818 2859 909 2930 longa
924 2863 1062 2918 vetustas

285 2939 426 3016 Destnrit,
448 2948 478 3001 et
491 2957 568 3001 saxu
584 2941 675 3016 longa
689 2949 814 3001 senecta
829 2946 928 3002 nocet.

245 3021 344 3084 causa
358 3032 457 3084 tamen
472 3025 565 3100 positi
581 3026 678 3085 iuerat
692 3024 882 3100 cognominis
897 3023 966 3099 illis,
1037 3079 1038 3082 ,

284 3105 372 3179 Quod
386 3114 543 3182 praestent
556 3109 653 3169 oeulis
669 3109 771 3168 omnia
784 3115 849 3168 tuta
863 3107 939 3168 suis.

179 3195 227 3251 tta
243 3187 328 3250 Stant
343 3206 467 3265 quoque
480 3207 538 3266 pre
554 3191 658 3267 nobie,
676 3193 870 3267 et'praesunt
884 3189 1048 3251 moenibus
1064 3186 1168 3258 Urbis,

285 3271 322 3330 ut
337 3282 407 3333 sunt
420 3282 600 3348 praesentes
615 3277 824 3352 auxiliumque
838 3275 947 3336 lerunt.

245 3356 286 3415 At
299 3357 383 3415 canis
398 3364 468 3416 ente
484 3359 594 3432 pedes,
611 3375 689 3420 saxo
706 3359 871 3421 fabricatus
887 3357 1006 3430 eodem,
1049 3389 1053 3398 .

286 3435 399 3498 Stabat.
430 3456 509 3514 quae
523 3443 624 3502 standi
639 3459 708 3502 curn
721 3443 800 3506 Larc
810 3458 910 3509 >causa
925 3441 1001 3502 snitt
