2520 4008
76 173 78 177 ’
157 201 220 285 res
434 273 437 278 .
555 172 781 246 unronro

188 353 230 446 4.
287 377 440 446 uxoun

242 483 310 578 lam
324 513 399 574 milri
412 510 544 574 deterior
559 505 643 566 canis
657 499 829 578 aspergitur
839 503 946 582 actast

284 602 410 676 lamque
423 591 510 656 meos
525 591 627 652 vultus
642 602 720 662 ruga
734 583 840 656 senilis
856 587 938 642 arat=

242 687 306 746 Iam
319 685 408 758 vigor
423 687 452 742 et
468 690 582 754 quasso
598 671 743 747 langnrent
756 669 787 728 in
802 681 934 742 corpore
948 664 1045 724 vires:
1114 657 1117 662 '

205 813 207 816 -
284 769 356 842 Nec,
380 763 482 826 iuveni
497 764 583 822 lusus
599 756 651 833 qni
667 757 819 831 placuere,
842 751 955 812 iuvant.
1019 799 1022 804 .

189 866 192 872 “
215 854 313 927 eNec,
336 851 363 910 sl
376 864 427 910 me
441 845 542 908 subit'c
556 841 673 914 videas,
697 849 868 912 agnoscere
882 832 1002 910 possis:

285 933 402 996 Aetatis
418 932 498 992 lacta
512 935 560 988 est
573 932 655 988 tanta
668 923 757 983 ruina
771 929 869 980 meae.

245 1019 398 1083 Confiteor
412 1016 514 1076 lacere
527 1013 587 1073 hoc
603 1023 710 1071 annos.
742 1005 800 1066 sed
814 1010 844 1064 et
859 1003 953 1063 altera
968 1014 1064 1060 causa
1078 1004 1140 1072 est,

285 1101 433 1163 Anxietas
449 1096 539 1158 animi
555 1093 779 1166 continuusque
793 1087 889 1148 labor.
1112 1103 1114 1106 ·

204 1189 206 1191 ’
244 1188 322 1248 Nam
335 1197 404 1245 mea
418 1198 474 1259 per
488 1182 600 1255 longos
616 1177 643 1236 si
658 1174 726 1250 quis
740 1173 823 1234 'mala
837 1171 956 1246 digerat
969 1183 1078 1240 annos,

168 1310 177 1346 r
205 1283 238 1338 io
291 1268 391 1344 Crede
403 1265 485 1339 mihi,
506 1263 594 1342 Pylio
608 1260 737 1320 Nestore
752 1257 849 1319 maior
863 1270 927 1314 ero.

211 1415 214 1423 ,
246 1352 352 1414 cernis
367 1357 399 1411 ut
413 1351 443 1411 in
460 1348 545 1408 duris
600 1352 630 1407 et
645 1343 719 1419 quid
732 1341 815 1402 bove
828 1338 1002 1401 firmiust...
1017 1336 1103 1396 arvis

193 1516 196 1520 ‚
287 1435 390 1498 Fortia
403 1437 558 1494 taurorum
570 1435 706 1504 corpora
719 1426 839 1502 frangat
854 1437 942 1498 opus,
1024 1451 1028 1456 ·

247 1521 329 1596 Quae
344 1532 509 1593 numquam
526 1528 624 1575 vacuo
641 1512 733 1572 solita
746 1514 794 1570 est
807 1519 933 1570 cessare
946 1505 1059 1577 novali,

193 1662 194 1665 ,
222 1607 224 1611 ’
285 1602 447 1664 Fructibus
463 1599 599 1660 assiduis
614 1595 699 1656 lassa
713 1591 849 1654 senescit
862 1591 982 1650 humus.

204 1689 241 1752 ta'
251 1687 384 1762 Occidet,
404 1685 444 1744 ad
457 1684 531 1744 circi
545 1681 643 1756 siquis
658 1677 824 1742 certamina
838 1687 961 1751 semper

287 1772 354 1832 Non
370 1767 551 1832 intermissis
566 1763 708 1826 cursibus
723 1761 778 1842 ibit
790 1775 900 1836 equus.
931 1809 932 1812 ,

245 1854 346 1914 Firma
360 1854 398 1913 sit
411 1852 463 1912 illa
476 1851 555 1926 licet,
577 1849 714 1910 solvatur
729 1846 760 1906 in
774 1857 910 1920 aequore
924 1841 1021 1913 navis,
1087 1916 1088 1919 Ἴ

289 1936 373 2010 Quae
387 1949 553 2010 numquam
565 1931 693 2009 liquidis¹
706 1930 791 1992 sicca
805 1925 920 1988 carebit
934 1924 1031 2000 aquis.

246 2021 295 2081 Me
311 2022 436 2096 quoque
451 2016 586 2079 debilitat
601 2016 698 2076 series
713 2014 852 2074 inmensa
866 2011 1023 2081 malorum,

204 2118 241 2170 to
292 2103 371 2163 Ante
386 2117 491 2163 meum
501 2108 623 2176 ternpus
638 2098 720 2173 cogit
735 2105 766 2158 et
779 2110 853 2158 esse
866 2107 982 2154 senem.

248 2187 315 2248 Otia
330 2203 444 2262 eorpus
460 2185 552 2258 alunt,
575 2183 694 2243 animus
711 2193 837 2256 quoque
852 2175 987 2254 pascitur
1001 2173 1062 2233 illis
1072 2178 1092 2244 :j

288 2269 465 2330 Inmodicus
480 2273 588 2328 contra
602 2263 700 2339 carpit
713 2269 875 2337 utrumque
889 2260 985 2320 labor.

247 2353 372 2428 Aspice,
393 2352 424 2412 in
438 2350 495 2410 has
510 2349 606 2426 partis
623 2347 707 2424 quod
720 2345 840 2406 venerit
853 2344 978 2404 Aesone
992 2347 1107 2414 natus,-

203 2471 206 2479 ·
292 2438 387 2508 Quam
402 2433 523 2494 laudem
539 2449 558 2492 a
572 2447 642 2492 sera
657 2431 836 2507 posteritate
850 2427 979 2488 ferat..
1063 2479 1066 2485 .
1143 2455 1163 2490 ,-

84 2531 87 2537 “
203 2529 239 2584 25
250 2523 290 2578 At
304 2519 391 2578 labor
405 2518 485 2578 illius
501 2522 607 2591 nostro
623 2514 782 2588 leviorque
796 2512 955 2586 minorque
970 2514 1026 2581 est,
1096 2553 1102 2564 r

290 2601 323 2662 Si
337 2603 429 2662 modo
446 2617 508 2662 non
522 2615 627 2660 verum
643 2598 767 2658 nomina
780 2611 891 2672 magno
905 2597 1056 2671 premunt.

246 2685 301 2746 Ille
316 2693 364 2747 est
377 2687 408 2746 in
421 2685 548 2746 Pontum
563 2683 646 2744 Pelia
659 2682 795 2742 mittente
809 2681 986 2756 proiectus«
1006 2707 1007 2712 κ

220 2843 223 2848 ,
292 2769 347 2844 Qui
361 2770 415 2830 vix
428 2767 605 2830 Thessaliae
619 2768 681 2828 line
694 2765 848 2828 timendus
862 2770 936 2823 erat.

227 2929 228 2932 Ἴ
249 2853 388 2914 Caesaris
404 2854 449 2912 ira
463 2853 536 2912 mihi
550 2853 663 2926 nocuit
688 2840 779 2926 mem
794 2848 875 2910 solis
886 2847 924 2906 ab
939 2849 1009 2914 ortu

206 2947 242 3002 30
294 2936 376 2996 Solis
391 2936 432 2995 ad
448 2950 579 2996 occasus
595 2941 726 3010 utraque
739 2941 820 3006 terra
830 2929 942 2992 tremit.
984 2985 985 2988 ,

247 3019 381 3080 iunctior
395 3017 564 3080 Haemonia
578 3026 627 3080 est
639 3017 747 3093 Ponto,
769 3031 861 3092 quarn
874 3015 981 3084 Roma,
1002 3007 1142 3081 sinistro,

289 3101 327 3162 Et
341 3102 475 3178 brevius,
501 3117 675 3178 cremnos,
698 3101 749 3163 ille
763 3097 884 3178 peregit
897 3099 961 3158 iter.

93 3247 100 3251 ,
189 3251 191 3257 ,
247 3186 302 3245 Ille
316 3185 421 3247 habuit
435 3186 562 3248 comites
577 3185 695 3262 primos
709 3183 827 3246 telluris
840 3181 995 3245 Achivae:

290 3269 331 3329 At
345 3276 481 3330 nostram
497 3271 597 3332 cuncti
613 3271 780 3330 destituere
795 3269 908 3342 lugam.

205 3351 314 3413 ddNos
330 3353 428 3427 fragili
443 3353 525 3428 ligno
540 3359 661 3414 vastum
678 3352 864 3415 sulcavimus
881 3360 1015 3423 aequor:

292 3433 376 3508 Quae
390 3435 456 3495 tulit
469 3434 657 3505 Aesoniden.
680 3450 769 3496 sacra
783 3433 888 3494 carina
902 3429 969 3493 luit.
