2520 4012
137 223 180 289 44
482 279 489 291 ,
535 219 761 282 TRISTIUM

255 374 293 436 El
307 367 485 450 deploratae
500 373 591 436 limen
607 372 692 436 adire
707 373 833 434 domus=

218 459 316 542 quue
330 473 440 518 recens
457 463 598 533 praesias
612 471 670 517 nec
684 459 777 530 longo
792 455 933 530 cognitus
948 473 1018 536 usu,

172 552 205 604 ιο
258 541 347 615 Quod
361 547 498 602 veiermn
512 542 624 602 misero
639 541 692 600 vix
708 541 770 600 duo
786 546 889 601 tresve
903 540 985 601 milri.

220 623 292 686 Vidi
308 641 367 700 ego
384 627 533 686 confusos
547 627 659 697 vultus,
674 625 825 700 visosque
840 623 952 700 rrolavi,

262 707 366 784 Osqua
381 709 509 770 madens
525 707 600 768 iletu
612 708 820 784 pallidiusque
833 721 919 767 meo:

218 792 257 853 El
269 792 410 853 lacrimas
427 807 556 852 cernens
571 792 601 851 in
616 791 737 865 singrda
749 791 846 850 verba
860 792 1005 852 cadentes

261 874 320 936 Ore
335 891 403 936 mea
418 873 570 948 lacrimas,
586 873 710 935 aurrlrus
725 874 777 934 illa
789 874 868 934 bibi:
1050 884 1052 888 ’

172 965 204 1016 15
218 959 411 1032 Braclriaque
427 959 534 1033 accepi
549 964 665 1018 maesto
680 959 845 1033 pendentia
860 959 949 1031 collo,

257 1043 294 1102 Et
308 1041 479 1116 singultatis
495 1043 602 1103 oscula
615 1041 709 1102 mixta
725 1041 820 1102 senis.

220 1123 294 1185 Sum
311 1141 445 1202 quoque,
462 1139 541 1198 care,
556 1125 616 1184 luis
631 1125 778 1186 deleneus
791 1123 910 1186 viribus
926 1125 1083 1187 absensz..
1110 1139 1114 1146 ’

260 1207 327 1268 Seis
344 1209 452 1268 Carum
467 1209 532 1267 veri
547 1209 679 1268 nominis
694 1224 765 1269 esse
778 1209 881 1269 loco...

217 1290 373 1366 Mrdtaque
390 1298 550 1367 praeterea
564 1292 716 1352 manifesti
732 1293 820 1367 signa
833 1292 948 1352 lavaris

169 1383 204 1436 aa
257 1374 435 1436 Pectoribus
451 1380 541 1435 teneo
555 1391 617 1436 non
633 1375 751 1436 abitura
765 1377 852 1436 meis.

145 1487 147 1490 ·
218 1458 255 1518 Di
268 1458 322 1518 tibi
337 1474 433 1534 posse
447 1466 526 1532 lues,
542 1459 684 1530 tribuant,
700 1460 869 1519 defendere
883 1456 1057 1535 semper‚'
1126 1511 1129 1515 .

260 1541 344 1615 Quos
359 1541 390 1601 in
404 1543 531 1602 materia
545 1541 744 1618 prosperiore
758 1539 855 1604 iuves.

220 1623 252 1685 Si
266 1632 367 1685 tamen
381 1625 506 1699 interea,
522 1626 597 1701 quid
611 1626 642 1684 in
656 1625 705 1686 his
721 1641 780 1700 ego
794 1625 934 1701 perditus
949 1624 1043 1687 orie...

259 1708 348 1783 Quod
364 1715 393 1768 le
407 1709 552 1774 credibile
567 1713 616 1768 est
629 1724 809 1785 quaerere...
826 1711 959 1786 quaeris,
975 1725 1080 1783 agema

168 1798 202 1852 aa
218 1790 282 1866 Spe
295 1793 401 1852 trahor
415 1791 557 1867 exigua...
573 1809 664 1867 quam
678 1799 711 1857 lu
726 1793 798 1854 milri
812 1794 936 1856 demere
950 1793 1042 1854 nolis..

260 1875 370 1936 Tristia
385 1876 472 1936 leniri
487 1877 612 1936 numina
625 1893 722 1952 posse
736 1877 795 1937 dei.

200 2002 202 2006 Α
220 1957 283 2018 Seu
297 1965 411 2022 temere
426 1966 566 2035 expecto,
583 1961 694 2020 aivald
709 1960 885 2036 contingere
899 1961 946 2020 las
961 1965 1018 2033 esi,

258 2043 303 2102 du
318 2043 390 2102 mihi
407 2045 490 2118 quod
506 2045 606 2118 cupio,
622 2044 677 2116 las,
696 2057 814 2120 precor,
830 2057 902 2103 esse
917 2043 1025 2119 proba,

220 2126 365 2201 Quaeque
379 2128 433 2187 tibi
448 2127 569 2202 linguae
584 2135 633 2188 est
646 2127 798 2201 facundia,
814 2127 920 2187 confer
935 2126 1063 2197 inillam,

166 2217 201 2269 30
255 2209 296 2269 Ul
310 2210 425 2270 doceas
440 2217 545 2272 volum
559 2225 655 2285 posse
669 2211 772 2270 valere
785 2226 896 2270 meum.

217 2292 283 2365 Quo
299 2293 441 2368 quisquis
456 2295 561 2366 maior,
576 2295 674 2366 magis
689 2300 736 2354 est
750 2294 910 2368 placabilis
925 2293 997 2367 irae,

258 2373 296 2434 El
309 2375 417 2436 faciles
430 2383 531 2438 motus
547 2391 633 2436 mens
649 2391 802 2450 generosa
815 2377 905 2452 capit.

216 2458 353 2532 Corpora
367 2460 558 2533 magnanimo
575 2461 649 2523 salis
665 2467 713 2520 est
726 2467 902 2536 prosuasee
917 2458 1007 2533 leoni,

255 2539 363 2615 Pugna
377 2559 467 2602 suum
482 2542 576 2603 linem
590 2558 660 2603 earm
674 2544 755 2604 iacet
767 2543 876 2616 hoelis,
891 2543 1011 2604 habeta.

166 2632 200 2686 35
215 2626 255 2684 At
269 2627 361 2700 lupus
374 2633 405 2686 ea
417 2632 524 2702 turpes
538 2625 652 2687 instant
665 2627 865 2688 morientibus
878 2629 943 2688 ursi

254 2707 294 2768 ut
310 2724 523 2785 quaecumque
537 2710 637 2770 minor
652 2711 808 2772 nobilitate
823 2711 898 2770 iera.

132 2840 135 2846 .
214 2791 314 2852 Maius
330 2794 413 2868 apud
427 2794 547 2870 Troiam
561 2794 632 2854 lorti
647 2794 721 2876 quid
736 2793 885 2854 habemus
898 2791 1038 2854 Achillei
1120 2829 1122 2833 ,

253 2876 398 2937 Dardanii
412 2877 554 2935 lacrimas
569 2893 630 2938 non
646 2878 713 2937 tulit
726 2877 776 2937 ille
794 2877 888 2936 senis.

215 2957 298 3031 Quae
314 2957 401 3020 ducis
416 2959 545 3018 Emathii
561 2961 650 3022 luerit
664 2961 833 3035 clementia,
847 2959 945 3021 Porus

164 3052 199 3104 40
253 3039 406 3116 Dareique
422 3042 534 3102 docem
547 3045 664 3104 iuuenis
678 3045 839 3119 exequiae.

213 3124 297 3183 Neve
310 3123 467 3186 hominum
482 3127 614 3190 reieram
628 3126 727 3189 flexas
742 3129 782 3187 ad
797 3125 984 3195 millasimo,

254 3208 380 3269 lunonis
396 3225 492 3283 gener
507 3219 554 3271 est
570 3212 622 3285 qui
638 3211 723 3286 prius
738 3210 838 3272 hostis
854 3216 928 3270 erat.

213 3291 354 3365 Denique
369 3309 430 3352 non
445 3309 575 3368 possum
590 3295 704 3354 nullam
719 3309 846 3369 sperare
862 3294 1001 3366 salutem,

257 3373 331 3434 Cum
345 3391 465 3449 poenae
480 3391 542 3437 non
558 3377 597 3436 sit
611 3393 707 3438 causa
722 3386 850 3439 cruenta
863 3388 960 3436 meae.

74 3461 79 3475 ’
163 3461 198 3516 45
214 3455 283 3516 Non
298 3457 378 3532 adid,
396 3461 553 3534 quaerenti
568 3461 772 3536 pessumdare
787 3467 905 3536 cuncta,
921 3457 1050 3533 pelicum
