2520 4012
424 262 428 274 ·
473 241 524 312 lv,
549 239 576 313 1,
599 239 713 307 93-2.
736 239 787 302 ol.
1092 239 1130 304 dl

242 391 403 452 Terribiles
420 393 487 450 aliis
503 391 747 468 inmemoresque
763 393 821 455 sui.

149 485 189 540 25
202 478 335 552 Quorum
350 491 424 550 pars
441 491 551 535 causas
570 481 599 535 et
613 493 663 536 res
679 485 709 537 et
722 478 847 540 nomina
863 483 1001 551 quaeren

110 569 118 582 '
241 561 315 620 Pars
331 560 451 632 releret,
476 560 616 634 quamvis
632 563 751 622 noverit
766 564 834 637 ipsa
849 576 968 637 parum

199 647 276 720 ‘Hie
301 642 353 719 qui
368 643 496 704 Sidonio
513 643 607 718 fulget
622 644 759 706 sublimis
775 647 805 706 in
821 653 915 719 ostro,

238 730 307 791 Dux
323 725 421 787 luerat
434 727 515 786 belli.
546 729 704 802 proximus
719 731 770 790 ille
785 731 864 790 duci.

199 815 265 884 Hic,
289 811 340 887 qui
355 827 437 871 nunc
453 811 483 870 in
497 809 590 871 humo
606 813 706 873 lumen
721 815 894 874 miserabile
909 814 981 890 figit,

156 907 193 963 30
222 931 224 936 ,
246 897 310 964 Non
327 896 385 955 isto
404 895 488 956 vultu
502 909 570 953 oum
585 897 652 956 tulit
666 913 758 974 arma,
781 899 844 958 luit.

200 983 254 1042 Ille
269 981 363 1051 ieron,
388 980 487 1038 oculis
502 985 532 1038 ct
547 979 648 1040 adhuc
662 980 825 1042 hostilibus
840 982 961 1057 ardens,

148 1071 150 1076 '
194 1137 195 1142 ἵ
240 1065 382 1124 Hortatur
397 1078 519 1138 pugnae
534 1064 756 1142 consiliumque
771 1067 835 1127 luit.

198 1149 336 1208 Perlidus
351 1147 401 1206 hic
416 1154 540 1206 nostros
555 1145 677 1217 inclusit
691 1150 799 1211 fraude
813 1151 958 1225 locorum,

242 1231 390 1308 Squalida·
404 1231 548 1292 demissis
563 1233 614 1306 qui
626 1234 699 1308 tegit
712 1250 767 1294 ora
781 1234 887 1293 comis.

156 1317 264 1389 billio,
284 1316 498 1399 quisequitur‚
521 1315 624 1376 dicunt
637 1318 918 1378 mactataministrc

138 1436 140 1440 -
244 1399 344 1475 Saepe
358 1399 512 1460 recusanti
529 1415 660 1476 corpora
675 1408 765 1478 capte
779 1402 848 1462 deo.

199 1485 256 1546 Hic
270 1486 365 1558 lacus,
379 1483 416 1542 -hi
431 1491 560 1556 montes,
578 1485 656 1546 baec
669 1492 714 1545 tot
729 1486 863 1560 castella,
884 1493 928 1547 tot
942 1499 1047 1546 amnes

219 1603 221 1608 -
240 1569 332 1628 Plena
345 1569 431 1627 serae
447 1568 561 1641 caedis,
584 1571 676 1646 plena
691 1571 807 1630 cruoris
822 1579 917 1633 erant.

199 1654 316 1714 Drusus
332 1652 426 1722 inhis
440 1653 551 1712 meruit
565 1655 719 1728 quondam
735 1653 1027 1728 cognominamus,

156 1746 189 1802 ln
240 1737 322 1811 Quae
337 1736 420 1796 bona
433 1739 606 1812 progenies
630 1737 722 1813 digna
736 1745 871 1813 parente,
895 1737 970 1798 tulit.
1082 1811 1084 1816 Ι

200 1820 347 1881 Cornibus
362 1821 412 1880 hle
427 1821 531 1880 fractis
545 1822 634 1882 viridi
649 1823 727 1882 male
741 1827 838 1882 tectus
854 1819 892 1882 ab
907 1823 987 1895 ulva,

239 1905 371 1965 Decolor
385 1905 454 1980 ipse
470 1921 526 1965 suo
543 1907 692 1981 sanguine
706 1905 831 1966 Rhenus
847 1915 920 1966 erat.

181 1989 183 1992 ’
199 1988 338 2049 Crinibus
354 2005 392 2048 en
408 1988 499 2048 etiam
514 1991 608 2050 lertur
623 1989 784 2050 Germania
798 1991 910 2064 passis,

238 2071 278 2132 El
292 2073 378 2137 ducis
392 2073 496 2132 invicti
511 2075 569 2134 sub
584 2075 665 2150 pede
679 2080 797 2133 maesta
812 2075 908 2148 sedet,

153 2163 187 2217 45
199 2157 346 2230 Collaque
359 2157 516 2231 Romanae
531 2158 683 2232 praebens
700 2157 839 2217 animosa
853 2157 952 2216 securi
1034 2197 1036 2200 -

237 2240 368 2300 Vincula
382 2237 439 2301 lert
453 2241 513 2314 illa,
536 2259 599 2316 qua
613 2243 680 2302 tulit
693 2257 784 2315 amna,
806 2245 920 2300 manu!

196 2325 261 2388 Hos
275 2341 370 2400 super
384 2325 413 2384 in
429 2341 530 2399 curru,
554 2326 674 2400 Caesar,
697 2325 814 2385 victore
833 2325 953 2385 veheris

237 2409 412 2484 Purpureus
428 2410 535 2485 populi
549 2407 608 2470 rite
621 2426 677 2486 per
691 2427 745 2470 ora
758 2409 816 2468 tuiz

197 2493 324 2568 Quaque
338 2493 406 2565 ibis,
429 2493 570 2554 manibus
586 2493 849 2570 circumplaudere
863 2499 992 2564 tuorum,

152 2591 189 2643 50
241 2577 383 2651 Undique
398 2577 509 2636 iactato
524 2577 602 2637 llere
616 2584 735 2653 tegente
749 2578 826 2636 vias.
849 2613 850 2618 κ

195 2662 346 2735 Tempora
359 2659 503 2721 Phoebea
517 2663 602 2722 lauro
619 2663 784 2736 cingentur,
806 2661 930 2734 ‘lo’que
995 2687 999 2716 r

236 2745 333 2818 Miles,
358 2745 425 2818 εΙο,’
447 2761 558 2821 magna
572 2761 659 2817 voce,
681 2742 867 2818 ‘Triumphe’
882 2749 979 2801 canet.

195 2829 266 2903 Ipse
282 2845 360 2888 sono
376 2829 548 2904 plausuque
563 2829 653 2889 simul
668 2827 848 2902 fremituque
864 2827 997 2886 calentes
1077 2886 1079 2888 ,

238 2911 444 2988 Quadriiugos
454 2929 562 2973 cernes
577 2929 673 2990 saepe
687 2913 830 2972 resistere
845 2925 952 2986 equos.

152 3003 187 3055 55
199 2996 274 3055 lnde
288 3003 375 3072 petes
391 3013 501 3070 arcem,
525 2996 800 3058 delubradaventia
815 2995 904 3068 votis

235 3079 273 3138 m
287 3080 409 3140 dabitur
423 3081 529 3142 merito
546 3082 649 3142 laurea
663 3087 736 3140 vota
750 3080 825 3139 Iovi.

193 3163 278 3222 Haec
292 3165 351 3240 ego
368 3171 547 3239 summotus,
570 3183 630 3240 qua
645 3181 783 3240 possum,
804 3170 904 3222 mente
920 3161 1048 3224 videbo·
1156 3208 1164 3226 .

233 3247 338 3323 Erepti
354 3247 444 3309 nobis
459 3249 506 3307 ius
521 3248 613 3309 habet
627 3249 679 3308 illa
693 3247 762 3308 loci.

192 3329 248 3392 Illa
263 3347 318 3406 per
332 3331 488 3392 inmensas
507 3333 655 3409 spatiatur
669 3331 885 3406 liberaturus,

148 3417 186 3471 tio
239 3415 274 3474 ln
290 3417 408 3490 caelum
424 3417 515 3476 celeri
531 3415 669 3492 pervenit
683 3415 735 3475 illa
749 3415 809 3476 via.

191 3497 248 3559 Illa
262 3497 350 3560 meos
365 3501 473 3562 oculos
489 3501 618 3561 mediam
636 3499 768 3560 deducet
781 3499 812 3557 in
826 3496 947 3568 Urbem,
