2520 4008
505 198 533 242 v.
556 179 669 245 1-oo.

200 335 369 410 Iunctaque
384 347 453 394 oum
466 333 539 394 luna
552 333 667 394 lumina
681 334 757 396 solis
772 343 873 399 arunte

155 419 296 496 Parsque
312 415 422 478 eadem
436 416 516 477 caeli
527 414 682 493 zephyros
697 418 811 480 emittet
824 427 855 481 et
868 436 969 500 euros,

199 503 238 565 Et
250 501 373 579 tepidus
388 500 491 576 gelido
509 497 596 560 dabit
606 498 648 560 ab
664 515 723 561 axe
738 509 845 563 notns=

113 586 292 654 eoEtnova
305 585 438 646 fraterno
453 583 556 644 veniet
570 584 737 647 eoncordia
751 585 843 661 sumo,

200 670 296 746 Quem
310 675 399 735 vetus
413 681 547 730 aeoensa
563 674 686 745 separat
700 668 745 728 ira
760 684 855 748 pyra:

157 755 197 816 Et
209 769 264 814 ver
278 757 431 827 autumno,
451 750 578 812 brumae
592 751 768 816 miscebitur
782 760 895 829 aestas,

200 839 304 914 Atque
318 835 428 899 eadem
442 835 529 912 regio
543 849 657 911 vesper
671 843 702 896 et
714 842 799 900 ortus
814 837 885 898 erit=

159 921 253 996 Quam
269 919 343 982 mdni
357 919 397 981 sit
410 926 511 981 tecum
525 918 643 995 positis,
668 936 749 996 quae
762 922 959 999 sumpsimus,
980 924 1074 986 mmis

114 1015 151 1070 ao
205 1003 315 1080 Gratia,
337 1003 519 1079 commissis
541 1002 689 1080 improbe,
710 1011 802 1082 rupta
815 1005 891 1074 tuias

159 1087 254 1163 Quam
268 1087 358 1148 dolor
371 1087 421 1148 hio
434 1102 579 1162 umquam
594 1085 695 1164 spatio
708 1101 897 1152 evanescere
911 1091 1019 1168 possit,

199 1171 306 1232 Leniat
319 1176 371 1233 aut
385 1171 490 1232 odium
504 1177 626 1246 tempus
641 1176 672 1231 et
685 1169 763 1230 hora
778 1187 890 1234 meum.

156 1253 221 1318 Pax
233 1255 291 1316 erit
305 1255 382 1316 haee
397 1253 496 1330 nobis,
519 1253 620 1316 donee
634 1252 710 1336 mihi
722 1255 785 1316 vita
797 1256 939 1330 manebit,

200 1339 274 1402 Cum
284 1353 399 1417 peoore
413 1337 533 1400 infirmo
550 1352 630 1414 quae
644 1337 724 1398 solet
737 1353 809 1400 esse
824 1339 915 1416 lupis.
1096 1418 1098 1422 Ι

112 1435 148 1492 45
158 1423 258 1485 Prima
272 1423 397 1502 quidem
412 1429 523 1500 eoepto
539 1423 723 1484 committam
735 1425 854 1500 proelia
867 1438 976 1487 versu:

198 1508 266 1570 Non
280 1508 400 1569 soleant
414 1507 556 1586 quamvis
569 1506 630 1569 hoc
644 1507 725 1584 pede
738 1505 819 1568 bella
832 1501 911 1584 gen:

155 1591 257 1668 thue
270 1592 346 1668 petit
358 1591 458 1670 primo
474 1593 598 1668 plenum
611 1589 753 1652 flaventIs
769 1605 880 1652 arenae

197 1672 338 1736 Nondum
353 1675 474 1757 calfacti
489 1674 592 1736 militis
607 1675 696 1736 basta
712 1677 826 1736 solum:

156 1758 208 1820 Sic
222 1774 280 1834 ego
293 1766 324 1820 te
337 1759 474 1822 nondum
489 1759 570 1820 terro
585 1757 743 1820 iaculabor
756 1766 857 1831 acuto,

110 1855 148 1910 50
200 1842 339 1904 Protinus
354 1843 487 1904 invisum
501 1857 558 1903 nee
569 1848 654 1920 petet
667 1841 757 1904 basta
770 1847 878 1918 eaput=

153 1927 191 1988 tlt
205 1941 306 2002 neque
319 1941 431 1987 nomen
446 1927 478 1986 in
493 1924 562 2000 hoo,
586 1942 643 1987 nee
658 1927 758 1987 dicam
773 1927 853 1986 laeta
865 1923 985 1987 libellos

195 2009 301 2086 Teque
314 2010 410 2084 brevi,
434 2010 486 2088 qui
501 2010 555 2084 sie,
579 2009 772 2072 dissimulare
786 2010 894 2070 sinam.

152 2093 330 2169 Postmodo,
353 2094 380 2154 si
394 2109 516 2171 perges
538 2093 570 2153 in
584 2099 614 2154 te
628 2093 700 2154 mihi
715 2093 792 2152 liber
805 2090 923 2152 iambus

194 2176 300 2236 Tincta
312 2175 486 2254 Lycambeo
503 2177 653 2254 sanguine
667 2177 727 2238 tela
744 2175 838 2238 dabit.

107 2260 249 2334 sultuna,
271 2277 332 2338 quo
345 2261 501 2322 Battiades
514 2261 670 2322 inimicum
685 2261 818 2322 devovet
831 2257 906 2332 Ibin,

195 2343 262 2404 Hoo
276 2359 334 2420 ego
350 2344 491 2406 devoveo
505 2351 597 2422 teque
613 2352 746 2421 tuosque
760 2345 863 2406 modo.

151 2427 255 2502 thue
268 2427 328 2503 ille,
349 2427 487 2490 historiis
501 2428 656 2490 involvam
670 2428 804 2490 earmina
818 2425 934 2487 caeeis:

194 2511 263 2571 Non
279 2512 397 2573 soleam
412 2513 553 2589 quamvis
567 2514 628 2576 hoo
642 2529 739 2590 genus
755 2513 824 2588 ipso
838 2509 936 2585 sequi.

151 2593 237 2655 lllius
252 2593 397 2670 ambages
412 2595 544 2658 imitatus
560 2597 590 2656 in
605 2596 691 2658 Ibide
705 2596 790 2657 dicar

106 2685 145 2741 60
201 2675 318 2738 Oblitus
333 2679 428 2740 moris
444 2679 610 2757 iudiciique
624 2681 693 2740 mei.

149 2759 188 2820 Et
203 2761 356 2836 quoniam,
383 2762 435 2839 qui
452 2763 505 2840 sis,
529 2763 665 2826 nondum
682 2757 897 2838 quaerentibus
912 2757 982 2834 edo,

193 2843 289 2905 Ibidis
304 2845 420 2906 interea
433 2851 465 2906 tu
479 2863 603 2924 quoque
618 2862 729 2909 nomen
743 2843 834 2905 habe.

149 2925 252 3002 thue
265 2928 326 2988 mei
340 2945 451 2990 versus
467 2931 655 3008 aliquantum
669 2930 768 2993 noetis
782 2926 945 3000 habebunt,

195 3007 247 3070 Sia
261 3012 344 3072 vitae
360 3014 458 3075 series
473 3022 538 3076 tota
552 3016 591 3076 sit
606 3021 672 3077 atra
684 3020 765 3075 tuae.

105 3098 142 3154 65
151 3091 236 3153 Haeo
249 3095 304 3156 tibi
319 3097 412 3158 natali
427 3097 528 3174 laoito,
541 3099 675 3176 ,Ianique
688 3094 829 3158 kalendis

191 3175 259 3238 Non
273 3180 435 3243 mentituro
454 3181 579 3258 quilibet
594 3199 647 3244 ore
661 3183 752 3258 legat.

147 3259 186 3319 Di
199 3263 294 3322 maris
312 3271 342 3324 at
355 3269 465 3342 terrae,
488 3267 602 3343 quique
614 3267 663 3328 his
678 3266 805 3328 meliora
818 3266 930 3327 tenetis

191 3343 274 3421 lnter
289 3346 434 3418 diversos
450 3365 521 3412 oum
534 3351 609 3412 love
623 3367 719 3427 regna
732 3349 832 3426 polos,

101 3425 375 3574 ovHucisspreeor,
395 3432 456 3496 hue
469 3440 590 3498 vestras
605 3449 712 3498 omnes
727 3433 882 3576 advertite⁷
889 3435 1014 3502 mentae,

147 3525 190 3571 ro.
257 3555 266 3572 .
366 3563 367 3568 ,

1035 1983 1046 2016 b
