2454 4004
460 221 518 293 vr,
543 215 719 282 rso-tos.
840 307 844 316 „
956 205 959 208 “
1038 219 1099 285 aar
1185 213 1189 218 ’

526 417 576 482 24.
600 418 656 480 GC
726 419 729 424 ’

9 593 10 604 ,
170 543 322 616 Tempora
334 537 492 613 labuntur,
507 538 670 614 tacitisque
685 539 877 600 senescimus
892 542 990 616 annis,

87 673 90 680 .
212 624 250 684 llt
264 622 382 698 fugiunt
396 623 483 682 ireno
499 635 561 682 non
575 627 747 682 remorante
762 622 840 684 dies.
1013 683 1019 695 ,
1063 697 1064 702 ¹

171 708 267 782 Quam
283 707 342 768 cito
358 713 506 768 venerunt
517 703 669 768 Fortunae
683 705 782 767 Fortis
797 705 947 768 honores!

212 790 286 852 Post
300 797 416 867 septem
432 791 518 850 luces
532 789 636 850 Iunius
651 797 738 851 actus
753 791 818 851 erit.

107 878 157 935 775
172 875 229 948 lte,
246 875 336 936 deam
349 874 421 936 laeti
435 873 557 936 Fortem
572 873 739 951 celebrate,
756 873 905 948 Quirites!

8 995 10 1002 ·
211 959 247 1018 ln
259 957 376 1019 Tiberis
395 958 462 1034 ripa
476 973 603 1019 munera
616 957 698 1033 regis
713 957 815 1020 habet.

169 1040 244 1102 Pars
259 1042 355 1116 pede,
370 1057 443 1117 pars
459 1043 550 1102 etiam
566 1042 657 1102 celeri
675 1041 826 1102 decurrite
840 1040 959 1103 cumba.
984 1052 987 1056 ·

211 1123 274 1185 Nec
288 1125 403 1200 pudeat
414 1131 508 1198 potos
528 1125 600 1185 inde
615 1123 715 1185 redire
732 1125 866 1192 domum.
945 1163 947 1167 .

8 1247 9 1270 2
169 1205 258 1267 Ferte
273 1213 437 1266 coronatae
451 1207 597 1266 iuvenum
613 1208 759 1267 convivia
773 1209 887 1281 lintreS,

8 1283 10 1368 ξ
107 1291 160 1347 teo
214 1289 369 1362 Multaque
383 1289 570 1364 permedias
586 1289 658 1349 vina
673 1289 814 1352 bibantur
829 1305 936 1365 aquas.

8 1375 15 1480 ¹,
168 1372 259 1432 Plebs
274 1373 347 1433 colit
359 1371 448 1432 hanc.
479 1373 567 1448 quia,
585 1373 637 1448 qui
651 1371 771 1448 posuit,
787 1373 827 1436 de
842 1371 935 1450 plebe
949 1375 1045 1434 luisse

8 1517 10 1544 Ι
211 1455 333 1526 Fertur,
350 1461 381 1516 et
395 1471 435 1515 ex
447 1455 553 1516 humili
568 1463 691 1531 sceptra
705 1457 813 1524 tulisse
826 1457 909 1518 loeo.

8 1545 19 1585 ²-
145 1567 148 1570 ·
171 1538 319 1599 Convenit
333 1545 363 1598 et
377 1540 486 1599 servis.
517 1556 610 1600 serva
630 1541 702 1616 quia
715 1540 830 1602 Tullius
846 1547 932 1602 ortus

8 1571 19 1730 ξ,
213 1621 373 1684 Constituit
386 1623 498 1684 dubiae
512 1625 625 1700 templa
639 1624 815 1706 propinqua
830 1625 917 1684 deae.

439 1753 491 1818 25.
510 1755 568 1818 Hc
609 1757 661 1819 26.
680 1758 739 1820 Ac

102 1880 153 1934 765
168 1872 250 1930 Ecce
264 1871 442 1933 suburbana
455 1872 579 1934 rediens
594 1875 674 1932 male
690 1874 813 1935 sobrius
828 1875 906 1934 aede
1019 1905 1021 1909 ν

8 1953 20 2034 ἶ,
208 1955 260 2015 Ad
274 1956 379 2016 stellas
396 1956 505 2030 aliquis
523 1957 595 2017 talia
609 1955 705 2016 verba
719 1958 806 2020 iacit:
980 2023 982 2030 ,

8 2067 10 2102 r
75 2093 81 2102 ,
168 2032 252 2097 Zona
266 2039 404 2100 lutettua
418 2056 513 2112 nuno,
535 2047 565 2100 et
579 2055 649 2101 cras
665 2041 798 2102 sortasse
812 2041 934 2117 latebit:¹

210 2121 326 2182 Dehinc
341 2123 410 2198 erit,
427 2121 535 2199 Orion,
551 2124 731 2200 aspicienda
746 2125 828 2186 mihi.
946 2130 950 2137 “

167 2203 208 2262 Αῐ
223 2205 250 2264 si
265 2222 325 2267 non
341 2213 425 2270 osset
438 2213 546 2282 potus,
563 2208 693 2269 dixisset
707 2209 815 2269 eadem

102 2289 153 2344 too
209 2288 379 2351 Venturum
393 2296 514 2366 tempus
530 2291 689 2352 solstitiale
704 2292 764 2352 die.

523 2421 651 2506 nuuc

164 2530 304 2592 Lucifero
322 2536 472 2597 subeunte
485 2537 580 2599 Lares
596 2539 724 2600 delubra
737 2541 868 2602 tulerunt

207 2614 278 2688 llic,
288 2615 350 2677 'ubi
360 2617 398 2694 ,fit
412 2619 504 2681 docta
518 2623 611 2682 multa
626 2638 742 2684 corona
760 2640 860 2684 manu.

163 2697 297 2778 Tempus
313 2699 393 2761 idem
409 2701 512 2764 Stator
527 2706 734 2780 aedis'habet,
752 2723 843 2784 quam
857 2711 1005 2773 Romulus
1022 2709 1092 2768 olim

206 2784 286 2842 Ante
300 2783 427 2846 Palatini
442 2788 579 2850 condidit
594 2805 648 2850 ora
663 2791 734 2866 iugi.

441 2919 493 2983 ss.
514 2923 566 2984 cu
604 2908 733 2986 rosus

99 3037 152 3094 795
165 3034 222 3094 Tot
234 3043 350 3097 restant
365 3039 404 3098 de
418 3055 524 3100 mense
539 3039 621 3116 dies,
638 3049 713 3117 quot
726 3043 850 3102 nomina
863 3043 976 3116 Parcis,

8 3125 10 3146 ⁶
207 3115 280 3217 Cum
295 3119 367 3181 data
382 3130 451 3183 suut
465 3125 588 3185 trabeae
603 3127 731 3202 templa,
747 3127 884 3206 Quirine,
901 3134 980 3188 tuce.

518 3254 570 3319 30.
591 3259 646 3319 ΕΟ

158 3369 292 3446 Tempus
308 3375 400 3446 Iuleis
421 3391 489 3437 cras
509 3383 558 3438 est
571 3380 671 3440 natale
685 3377 849 3442 Kalendis:
952 3419 955 3423 .

8 3501 9 3542 ἶ
200 3451 352 3534 Pierides,
369 3461 496 3537 coeptis,
508 3461 611 3524 addite
626 3479 744 3524 summa
756 3466 844 3526 meis.
969 3509 971 3514 .

116 3547 197 3594 ovro.
218 3539 270 3597 lll.
847 3558 883 3610 22
962 3604 966 3611 f
