2454 4004
325 247 355 266 ²
445 253 490 328 v,
512 248 692 331 asi-asa.
900 299 902 305 .
1017 251 1080 319 ecc

189 401 352 464 Publicius.
385 403 504 466 animus
521 398 616 466 delun
631 411 701 466 ante
715 402 819 466 viris.-

146 485 223 546 Rem
239 487 376 562 populus
391 486 508 562 recipit.
539 489 666 552 multam-
680 486 803 549 subiere
816 493 975 548 nocentes.

79 577 133 647 290
184 568 368 652 vindicibus
384 569 469 631 laudi
485 567 607 646 publica
621 585 694 632 cura
708 571 773 635 luit.

148 651 243 727 Multa
258 654 330 716 data
344 661 391 718 est
414 669 453 714 cx
468 662 555 734 parte
568 655 656 729 mihi,
672 669 846 730 magnoque
862 655 969 718 lavore

188 737 331 797 Victores
346 737 438 800 ludos
453 734 610 800 instituere
623 753 734 800 novos.

147 817 236 880 Parte
251 821 354 886 locant
368 822 495 894 clivum,
513 824 564 898 qui
579 831 650 884 tuuc
666 829 731 884 erat
745 823 841 884 ardua
854 837 965 896 rupesc

189 903 268 964 Utile
283 920 364 964 nunc
378 906 435 966 iter
449 913 511 980 est,
533 905 765 982 Publiciumque
782 909 914 981 vocant?

77 993 130 1050 ms
145 986 259 1046 Annua
273 987 465 1056 credideram
479 985 657 1064 spectacula
673 991 762 1052 lacta.
791 988 922 1064 negavit,

184 1069 313 1128 Addidit
327 1077 356 1129 et
371 1071 461 1130 dictis
476 1071 571 1133 altera
585 1072 681 1134 verba
696 1075 776 1134 suisa

145 1151 220 1210 ‘Nos
236 1167 361 1228 quoque
377 1155 472 1228 tangit
486 1156 594 1218 honor.
623 1156 711 1218 lestis
725 1157 894 1232 gaudemus
910 1163 939 1216 et
953 1157 1029 1230 aris5

184 1233 345 1311 Turbaque
360 1238 510 1306 caelestes
525 1237 688 1301 ambitiose
702 1255 820 1299 sumus.

8 1377 22 1402 „
145 1318 245 1397 Saepe
264 1320 341 1380 deos
355 1321 466 1395 aliquis
482 1323 642 1398 peccando
657 1323 730 1382 lecit
745 1323 877 1398 iniquus,

76 1413 130 1467 300
182 1401 221 1462 m
233 1418 290 1480 pro
309 1405 428 1466 delictis
442 1405 545 1467 hostia
560 1406 673 1466 blanda
687 1406 751 1466 luit.

144 1485 246 1561 Saepe
260 1488 365 1546 Iovem
382 1487 459 1562 vidi,
475 1505 545 1552 cum
560 1489 620 1549 iam
635 1505 693 1550 sua
707 1490 823 1550 mittere
838 1491 945 1550 vellet.

182 1567 335 1646 Fulmina,
352 1579 419 1632 ture
434 1572 504 1634 dato
521 1574 707 1635 sustinuisse
723 1589 855 1637 manum.
872 1572 874 1584 '

121 1671 125 1677 ’
142 1654 184 1713 At
198 1653 224 1712 si
240 1655 443 1730 neglegimur‚
464 1658 583 1732 mugnis
598 1657 707 1718 iniuria
721 1658 830 1732 poenis

185 1735 336 1812 Solvitur,
358 1748 388 1801 et
402 1741 513 1802 iustum
528 1741 672 1816 praeterit
685 1741 731 1802 ira
744 1743 879 1801 modum.

75 1831 127 1886 utto
142 1820 275 1896 Respice
289 1823 481 1884 Thestiaden.
510 1823 643 1886 flammis
659 1823 837 1886 absentibus
852 1826 941 1887 arsit·

186 1904 285 1965 Causa
299 1914 361 1980 est,
378 1909 462 1982 quod
476 1907 615 1970 Phoebes
631 1923 684 1969 ara
698 1909 765 1970 sine
779 1909 849 1983 igne
864 1910 928 1970 luit.

140 1989 276 2062 Respice
291 1991 478 2052 Tantaliden.
498 1993 617 2054 eadem
632 1992 692 2055 deu
708 1994 776 2052 vela
789 1993 920 2054 tenebat

182 2073 278 2148 Virgo
295 2082 354 2149 est,
371 2083 401 2138 et
415 2085 538 2152 spretos
552 2077 603 2138 bis
617 2085 718 2138 tamen
732 2078 796 2138 ulla
810 2079 908 2136 locos.

42 2158 43 2162 ’
109 2157 110 2160 ’
139 2157 310 2240 Hippolyte
324 2158 444 2233 infelix,
462 2161 556 2222 velles
572 2160 707 2224 coluisse
720 2159 849 2236 Dionen,

74 2251 126 2307 cto
184 2241 258 2302 cnm
272 2245 476 2304 consternatis
492 2245 669 2321 diripereris
685 2244 784 2320 equis.

53 2371 55 2375 .
140 2324 249 2400 Longa
262 2327 378 2388 reterre
391 2343 479 2388 mora
492 2336 541 2390 est
555 2335 693 2406 correcta
708 2327 821 2388 oblivia
839 2327 967 2390 damnis.

183 2408 235 2468 Me
250 2424 374 2485 quoque
386 2411 518 2472 Romani
531 2411 716 2486 praeteriere
730 2417 844 2486 patres.

143 2490 222 2564 Quid
236 2492 384 2570 lacerem,
405 2511 463 2570 per
477 2496 561 2570 quod
575 2494 681 2557 flerem
694 2493 856 2554 manifesta
871 2494 1011 2554 dolorisl

182 2575 344 2650 Exigerem
359 2589 485 2640 nostrae
501 2579 604 2653 qualia
619 2577 731 2640 damna
744 2583 856 2640 notae?
914 2647 915 2650 Ἴ
1008 2580 1011 2584 ’

73 2667 125 2722 315
137 2659 258 2721 Excidit
274 2661 408 2722 olliclum
421 2662 499 2723 tristi
512 2663 595 2722 mihi.
623 2664 706 2723 nullu
719 2661 827 2723 tuebar
929 2668 931 2672 ’

182 2743 279 2821 Rura,
299 2747 398 2810 necin
412 2749 512 2822 pretio
529 2747 637 2808 fertilis
651 2746 758 2806 hortus
774 2753 852 2805 erat:

97 2889 99 2893 ,
141 2828 218 2890 Lilia
232 2827 418 2906 deciderant,
435 2830 533 2892 violes
548 2847 636 2892 arere
650 2830 783 2903 videres,

183 2910 310 2989 Filaque
324 2911 446 2989 punicei
460 2915 605 2992 languida
619 2915 700 2976 lactu
714 2913 805 2976 croci.

144 2995 245 3070 Saepe
260 2997 333 3056 mihi
345 2997 509 3078 Zephyrus
525 2999 644 3060 “Deles
661 3011 856 3074 corrumpere
870 2996 933 3056 noli

77 3087 128 3142 bill
181 3082 256 3155 lpsa
269 3085 363 3142 tuas’'
379 3082 465 3143 dixit.
494 3084 552 3144 dos
567 3082 640 3144 mihi
658 3082 725 3145 vilis
740 3089 814 3142 erat.
883 3091 888 3094 ’

140 3163 303 3226 Florebant
318 3168 419 3242 oleae,
435 3167 517 3231 venti
532 3181 667 3229 nocuere
682 3165 831 3240 protervi:

181 3245 344 3310 Florebant
358 3257 495 3326 segeleS,
518 3251 668 3326 grandine
681 3251 766 3309 laesa
780 3263 883 3310 ceres:

142 3334 176 3392 ln
191 3348 249 3408 spe
265 3333 336 3396 vitis
352 3343 426 3408 erat,
443 3335 560 3396 caelum
575 3334 720 3410 nigrescit
732 3333 771 3394 ub
786 3331 907 3408 austris,

181 3415 219 3477 m
232 3417 334 3479 subita
348 3419 474 3480 frondes
489 3419 682 3480 decutiuntur
698 3433 788 3491 aqua.
831 3483 832 3487 ,

75 3505 137 3588 vsic»,
143 3499 205 3562 Nec
218 3503 303 3567 volui
317 3503 400 3580 lieri,
421 3519 478 3565 nec
493 3519 562 3566 sum
578 3502 711 3566 crudelis
725 3499 756 3560 in
771 3500 832 3560 irae
