2520 4012
140 203 186 285 ἰο
404 305 405 309 Ν
503 269 506 276 ,
540 205 766 286 cursorium

183 387 184 392 ’
250 366 443 434 Semianimis
459 371 559 432 media
574 371 778 446 procubuisse
793 372 901 434 domoc

209 458 309 531 thue
321 455 489 515 resurrexit
503 455 634 516 laedatis
651 457 775 531 pulvere
789 457 869 532 turpi

249 538 386 600 Crinibus
402 546 432 598 et
445 539 547 614 gelida
562 537 698 598 membra
711 540 824 598 levavit
837 540 939 616 humo,

142 657 145 662 .
158 631 192 687 et
208 621 249 684 Se
264 623 373 697 mode,
388 623 528 683 desertos
543 623 636 683 modo
652 621 863 696 complorasse
878 631 1015 701 penates
1029 641 1052 662 --’
1070 641 1072 646 ·

249 706 366 768 Nomen
382 713 413 766 et
426 708 521 783 erepti
537 721 632 780 saepe
645 720 779 767 vocasse
793 707 859 780 viri,

91 823 94 828 ·
208 791 271 850 Nec
285 791 439 866 gemuisse
452 791 567 863 minus,
583 803 674 863 quam
689 789 716 850 si
730 796 860 850 nataeve
874 806 1015 852 meumve

248 874 387 934 Vidisset
402 880 532 934 structos
548 886 661 948 eorpus
676 872 789 934 habere
803 875 911 950 rogos

160 974 162 978 ·
180 1017 189 1028 g
206 955 244 1016 Et
257 956 393 1016 voluisse
407 958 501 1032 meri,
517 956 675 1016 moriendo
692 971 808 1032 ponere
823 974 968 1021 sensus...

147 1048 197 1103 100
251 1042 469 1116 Respectuque
483 1047 582 1100 tamen
599 1055 660 1098 non
675 1042 813 1102 voluisse
826 1043 896 1102 mei.
918 1085 920 1090 ,
962 1071 965 1073 ·

205 1124 310 1183 Vivat!
326 1131 356 1184 et
369 1124 557 1185 absentem...
573 1123 716 1198 quoniam
728 1125 772 1183 sic
787 1127 848 1186 lata
862 1127 1023 1187 tulerunt...
1113 1179 1116 1182 .

178 1205 180 1209 ’
247 1208 340 1268 -Vivut
353 1215 387 1268 ut
400 1207 512 1269 auxilio
529 1205 667 1268 sublevet
681 1222 781 1284 usque
797 1224 864 1269 suo.
896 1286 899 1293 Ι

146 1341 188 1437 4ο
208 1339 373 1448 Tinguitur
388 1387 504 1433 oceano
521 1379 625 1435 custos
640 1371 880 1452 Erymanthidos
894 1388 994 1455 ursae,

254 1458 499 1532 Aequoreusque
515 1471 572 1516 suo
589 1457 691 1518 sidere
707 1457 807 1518 turbat
822 1473 929 1533 aquas.

208 1543 272 1602 Nos
288 1546 386 1600 tamen
402 1539 519 1600 lonium
533 1556 595 1602 non
610 1547 717 1602 nostra
731 1541 874 1603 findimus
890 1553 1007 1616 aequor
1116 1561 1118 1563 ¹

250 1623 382 1699 Sponte,
398 1625 454 1683 sed
470 1623 604 1684 audaces
621 1625 757 1700 cogimur
772 1640 842 1685 esse
857 1631 948 1684 metu.
1017 1642 1019 1646 ’
1066 1652 1068 1658 ·
1136 1629 1139 1632 ’

136 1745 137 1749 =
177 1713 193 1768 'a
207 1709 256 1768 Me
269 1708 428 1767 miserum!
450 1707 570 1782 quantis
585 1708 760 1783 nigrescunt
774 1723 910 1784 aequora
924 1706 1032 1778 ventis,

251 1791 406 1864 Erutaque
421 1805 460 1850 ex
474 1791 542 1850 imis
557 1792 655 1860 lervel
669 1807 763 1852 arena
775 1792 876 1851 vad1s.
1002 1809 1004 1814 ’

208 1875 311 1952 Monte
326 1889 383 1934 nec
397 1873 522 1933 inferior
537 1887 648 1950 prorae
662 1874 823 1951 puppique
836 1887 984 1934 recurvae

113 2017 114 2022 ,
200 1965 203 1968 “
229 2031 230 2034 ¹
251 1957 347 2018 Insilit
362 1965 392 2017 et
406 1957 505 2033 pictos
521 1959 662 2032 verberat
676 1959 758 2019 unda
773 1958 858 2018 deos.

208 2041 301 2102 Pinea
318 2047 541 2116 retruserant,
559 2043 639 2117 pulsi
656 2043 786 2102 stridore
800 2041 955 2116 rudentes,

163 2131 196 2188 10
251 2125 395 2204 Adgemit
411 2132 442 2185 et
457 2126 571 2186 nostris
587 2127 656 2200 ipsa
671 2127 774 2186 carium
790 2125 889 2186 malis.

210 2210 332 2281 Navita,
353 2208 515 2284 consessus
534 2210 667 2284 gelidum
688 2211 806 2286 pallere
825 2209 973 2282 timorem,

250 2294 313 2352 lam
330 2291 468 2365 sequitur
480 2292 596 2367 victus,
614 2309 676 2355 non
690 2294 767 2368 regit
787 2299 851 2354 arte
862 2300 968 2354 ratem.

210 2375 310 2451 thue
325 2389 434 2449 parum
448 2375 570 2436 validus
586 2391 648 2436 non
668 2376 860 2453 proficientia
874 2383 975 2437 rector

200 2483 202 2486 ·
253 2457 386 2518 Cervicis
406 2456 524 2534 rigidae
536 2460 625 2518 lrena
639 2461 761 2520 remittit
776 2475 868 2535 equo,

163 2551 196 2613 15
212 2541 264 2602 Sic
285 2556 346 2617 quo
367 2556 429 2602 non
448 2542 561 2618 voluit,
582 2543 639 2602 sed
660 2559 721 2618 quo
740 2543 824 2618 rapit
840 2544 971 2619 impetus
991 2539 1103 2617 undae,

251 2625 400 2699 Aurigam
419 2625 511 2686 video
531 2627 602 2688 vela
617 2626 742 2688 dedisse
761 2628 829 2686 rati.

210 2707 297 2782 Quod
317 2709 375 2769 nisi
395 2715 525 2770 mutatas
543 2710 677 2770 emiserit
691 2709 808 2770 Aeolus
828 2727 929 2787 auras,
976 2749 978 2753 .
1028 2713 1053 2723 “

249 2792 283 2851 In
303 2792 372 2852 locu
387 2794 448 2853 iarn
464 2795 554 2854 nobis
574 2810 635 2854 nou
655 2794 798 2855 adeunda
812 2795 903 2855 ferar.

212 2876 287 2935 Nam
306 2876 414 2950 procul
432 2876 546 2954 Illyriis
566 2878 655 2937 laeva
674 2877 714 2938 de
733 2885 820 2953 parte
838 2877 952 2939 relictis

161 2969 196 3020 20
252 2958 417 3020 interdicta
433 2959 507 3018 mihi
526 2961 659 3033 cernitur
677 2961 771 3022 Italia.

211 3041 339 3102 Desinat
357 3041 388 3101 in
407 3043 518 3106 vetitas
540 3047 657 3119 quaeso
679 3045 864 3105 contendere
883 3051 991 3119 terras,

250 3125 289 3184 Et
306 3140 427 3185 mecum
446 3142 557 3204 magno
575 3134 685 3209 pareat
701 3144 779 3188 aura
798 3128 868 3188 deo.

154 3254 157 3262 ,
208 3209 288 3268 Dum
304 3207 432 3284 loquor,
453 3215 483 3269 et
502 3210 592 3286 cupio
612 3211 726 3286 pariter
744 3212 900 3286 timeoque
919 3207 1036 3285 revelli,

182 3327 185 3332 -
251 3293 405 3366 increpuit
424 3293 552 3368 quentis¹
565 3293 680 3354 viribus
699 3294 784 3355 unda
802 3297 895 3355 lutus!

161 3383 194 3432 ‘25
209 3373 325 3435 Parcite
345 3375 476 3438 caerulei
498 3393 554 3437 vos
574 3378 681 3437 saltem
700 3379 824 3438 numina
842 3378 936 3454 ponti,

253 3457 460 3534 Intestumqne
478 3460 551 3519 mihi
571 3462 610 3522 sit
630 3460 705 3520 satis
726 3476 797 3522 esse
815 3461 931 3522 Iovem.
