2454 4004
440 213 497 287 ili,
518 209 694 276 tle-786.
810 225 815 229 ’

142 365 243 440 thue
257 363 346 438 piger
360 361 455 436 pandi
469 367 555 436 tergo
570 362 727 424 residebat
740 366 837 438 aselli,

74 458 127 513 750
180 448 327 524 Applicat
340 443 421 504 hune
437 443 519 502 ulr'no
534 445 761 522 corticibusque
776 449 871 508 cavis.

143 529 281 592 Constitit
295 527 363 602 ipse
379 539 474 602 super
487 543 611 589 ramoso
628 515 729 604 stipite
743 532 843 606 nixus,

182 613 285 688 Atque
301 611 392 670 avide
407 618 515 670 trunco
531 612 657 672 condite
668 615 758 672 mella
773 617 855 688 petit.

130 697 224 756 ,Milia
239 693 421 754 crabronum
444 700 569 768 coeunt,
592 702 622 754 et
638 696 750 756 vertice
765 698 849 756 nudo
966 765 971 775 Ἴ

183 779 308 854 Spicula
322 777 473 852 defigunt,
497 791 613 852 oraque
627 779 832 843 sima-notant.

74 870 126 926 755
141 865 195 921 1115
211 863 292 922 cadit
305 875 466 936 praesepe,
490 867 520 918 et
535 861 620 922 calce
635 863 739 922 seritur
753 865 850 937 aselii,

181 947 387 1018 Inclamatque
402 957 493 1013 5555,
516 944 725 1020 auxiliumque
739 953 836 1020 rogat.

114 1069 116 1074 ·
142 1029 330 1088 Concurrunt
344 1027 451 1105 satyri,
473 1027 686 1102 turgentiaque
703 1045 758 1090 ora
772 1031 908 1104 parentis

178 1109 301 1171 Rident.
329 1125 482 1184 percusso
497 1111 648 1170 claudicat
662 1111 713 1170 ille
728 1127 818 1186 genu.

140 1194 230 1256 Ridet
243 1201 274 1253 51
287 1195 356 1269 ipse
368 1193 455 1264 dene,
478 1193 645 1267 limumque
659 1195 805 1254 inducere
819 1204 974 1256 monstrat.

73 1289 125 1345 760
178 1277 234 1336 Hic
249 1282 336 1350 paret
350 1276 490 1348 monitis,
512 1283 542 1334 et
555 1276 621 1336 linit
635 1290 689 1336 ora
703 1279 777 1336 Puto.

140 1361 234 1420 Melle
244 1366 330 1435 pater
345 1360 461 1419 fruitur.
491 1357 616 1435 liboque
631 1360 733 1423 iniueu
747 1361 856 1421 calenti

179 1444 248 1504 iure
261 1443 410 1517 repertori
425 1443 561 1504 candida
572 1444 663 1506 755115
678 1444 795 1504 damus.

140 1527 264 1586 Femina
277 1527 331 1586 557
345 1533 480 1601 pressat
504 1541 565 1586 non
581 1533 628 1586 est
642 1527 767 1588 rationis
783 1535 918 1602 opertae.

180 1609 340 1670 Femineas
354 1610 463 1686 thyrso
479 1609 611 1684 concitat
624 1611 675 1670 ille
691 1611 812 1670 choros.
983 1605 988 1610 ’

74 1701 125 1759 765
142 1693 200 1752 Cur
214 1705 292 1752 anus
305 1691 365 1752 hoc
379 1693 485 1765 iaciat,
510 1694 654 1768 quaeris?
673 1695 812 1754 vinosior
823 1701 911 1754 aetas

178 1775 262 1834 Haec
279 1781 358 1850 erat,
379 1782 409 1836 ct
423 1775 570 1852 grauidae
585 1793 712 1838 munera
725 1777 795 1837 vitis
810 1793 927 1835 amans.
995 1776 1002 1789 '¹

142 1859 199 1918 057
212 1859 327 1918 hedera
342 1859 440 1921 cincta
455 1865 524 1920 estt
544 1859 659 1924 hedera
673 1867 721 1922 est
734 1859 908 1936 gratissima
921 1859 1057 1918 Baccho.

180 1943 246 2002 Hoc
261 1956 385 2018 quoque
401 1959 456 2004 cur
471 1943 513 2002 ite
530 1943 583 2018 sit,
599 1945 702 2004 dicere
715 1944 801 2004 55115
818 1959 904 2002 75575
919 1950 974 2002 551.

139 2025 293 2102 Nysiadas
307 2025 460 2101 nymphas
475 2043 607 2101 puerum
622 2034 789 2102 quaerente
805 2041 939 2086 noverca
983 2047 984 2050 ¹

71 2113 123 2168 771)
179 2107 264 2168 Hanc
279 2109 419 2172 trondem
434 2110 522 2170 cunis
539 2109 726 2184 opposuisse
741 2111 849 2169 ierunt.

138 2191 257 2263 Restat,
270 2197 312 2263 Aut
325 2191 492 2266 inveniam,
515 2207 610 2268 quare
624 2199 696 2264 toga
709 2192 805 2252 libera
820 2192 907 2251 detur

178 2273 320 2334 Lucifero
335 2275 454 2348 pueris,
476 2273 607 2334 candide
620 2274 756 2350 Bacche,
778 2282 841 2335 tuo.
915 2283 916 2286 ’

139 2355 211 2416 Sive
226 2356 310 2430 quod
324 2357 392 2430 ipse
407 2373 484 2432 puer
498 2373 621 2432 semper
635 2359 816 2433 iuvenisque
829 2356 964 2430 videris·

178 2437 216 2498 ut
229 2439 331 2498 media
345 2445 392 2498 est
406 2447 492 2500 aetas
506 2441 584 2502 inter
598 2449 760 2516 utrumque
771 2440 842 2502 tibi:
876 2519 878 2522 .

74 2525 126 2582 775
139 2521 200 2582 Seu
216 2522 286 2595 quia
299 2529 332 2583 15
346 2529 434 2596 pater
448 2539 492 2598 55,
513 2531 617 2600 patres
633 2540 690 2584 sua
704 2525 842 2600 pignora,
864 2531 952 2582 natos

181 2605 401 2665 commendant
416 2623 510 2668 curae
524 2609 761 2682 numinibusque
776 2608 850 2668 tuis:

140 2686 227 2762 Sive,
251 2688 334 2761 quod
349 2704 384 2748 es
398 2690 504 2764 Liber,
527 2693 623 2751 vestis
640 2706 766 2767 quoque
779 2685 875 2749 libera
886 2704 944 2764 per
958 2695 988 2750 te

182 2769 312 2830 sumitur
331 2778 360 2831 et
374 2773 455 2832 vitae
468 2773 619 2836 liberioris
635 2775 707 2834 iter:

139 2854 187 2912 An
204 2854 275 2927 quia
289 2901 297 2927 ,
313 2869 383 2914 cum
399 2857 542 2916 55157551
547 2858 642 2933 prisci
659 2857 827 2918 studiosius
842 2871 942 2932 agrae,
986 2918 989 2922 .

67 2943 122 2998 785
176 2935 213 2996 Et
227 2937 341 2998 1555751
355 2940 453 3014 patrio
468 2956 540 3000 rure
555 2948 680 3002 senator
694 2957 784 3016 opus,

138 3019 176 3077 Et
190 3028 313 3094 caperet
327 3023 428 3081 fasces
445 3039 463 3084 a
478 3039 574 3084 curvo
591 3024 824 3097 consulumue,
908 3069 909 3075 1

178 3102 241 3162 Ν55
257 3105 369 3163 crimen
385 3105 477 3166 duras
493 3114 577 3167 esset
591 3107 705 3166 habere
722 3123 840 3178 manus,

137 3184 281 3245 Rusticus
297 3188 337 3246 ad
351 3185 441 3248 iudos
457 3192 589 3265 populus
604 3188 747 3271 veniebat
760 3189 790 3248 in
804 3188 934 3250 Urbem:

180 3266 243 3328 Sed
258 3268 321 3343 dis,
343 3287 403 3330 uon
420 3270 529 3332 studiis
544 3273 595 3332 ille
607 3271 737 3332 dabatur
750 3272 861 3332 honos.

65 3355 120 3412 785
133 3347 216 3411 Luce
231 3367 288 3418 sua
302 3353 391 3412 iudos
406 3371 486 3414 uvae
500 3361 688 3416 commentor
706 3353 847 3428 babebat,

178 3431 262 3507 Quos
278 3450 347 3494 cum
359 3437 508 3499 taedifera
523 3453 603 3498 nunc
619 3438 711 3498 habet
724 3437 775 3499 iile
789 3437 858 3496 dea.
