2524 4004
110 253 196 319 214
234 272 236 276 ’
316 196 320 205 ¹
523 247 779 314 hassonum
806 319 808 323 .

144 416 198 473 ets
212 407 338 467 Dixerat
352 402 429 462 haec
444 411 515 463 nato
529 408 630 463 motus
647 403 760 462 instare
776 401 907 477 sibique,

225 509 230 518 ¹
254 489 409 560 Multaque
423 493 591 560 praeterea,
613 492 752 560 tempore
768 490 857 544 nacta
870 484 976 545 iidem.

215 573 291 633 Nam
305 569 424 632 iuvenis
439 571 562 630 nimium
576 583 651 628 vera
666 583 733 628 cum
747 575 843 628 matre
858 569 980 644 fugatus

256 655 377 715 Deserit
386 653 551 716 Arcadiam
565 652 820 726 Parrhasiumque
832 653 939 711 larem.

111 735 145 784 Ἃ
205 739 271 818 qui
290 737 420 814 genitrix
435 737 520 797 ilenti
535 735 679 796 ‘Fortuna
694 735 830 796 viriliter’
845 735 951 811 inquit,
990 785 992 792 Α
1084 752 1087 760 ·

147 837 199 892 480
256 821 366 893 ‘Siste‚
381 835 505 897 precer,
521 821 698 880 lacrimast..
714 819 773 880 ista
787 819 914 880 terenda
929 820 981 880 tibi
996 825 1053 900 est

197 901 201 907 ’
218 905 269 968 Sic
284 911 349 965 erat
365 903 491 964 iniatis.
525 915 583 963 nec
596 910 627 962 te
640 909 693 963 tua
707 905 798 980 culpa
810 903 937 980 fugavit,

260 989 327 1050 Sed
337 989 424 1048 deus.
459 987 579 1048 offenso
593 987 702 1062 pulsus
717 1001 752 1048 es
766 987 844 1049 urbe
859 988 928 1047 deo.

216 1074 283 1135 Nan
304 1071 401 1143 meriti
422 1087 552 1147 poenam
567 1071 697 1147 patene,
718 1071 775 1131 sed
789 1071 922 1131 numinis
936 1069 1021 1130 iram

257 1157 312 1216 Est
320 1155 442 1230 ,aliquid
455 1155 573 1232 magnis
589 1155 702 1214 crimen
717 1154 828 1216 abesse
842 1147 941 1214 maiis.

147 1247 199 1304 485
214 1239 344 1301 Conscia
357 1255 443 1300 mens
458 1246 492 1299 ut
507 1239 618 1314 cuique
633 1254 691 1298 sua
704 1245 766 1314 est,
782 1239 824 1299 ita
838 1237 972 1313 concipit
985 1239 1064 1300 intra

256 1322 384 1407 Pectpra
404 1337 460 1398 pro
476 1325 556 1384 iacto
572 1337 722 1398 spemque
736 1329 910 1398 metumque
928 1337 995 1382 sue.

205 1407 279 1467 'Nec
292 1413 393 1466 tamen
407 1414 441 1466 ut
454 1406 569 1482 primus
584 1421 686 1466 maere
700 1407 780 1466 maia
793 1407 866 1466 tatia
881 1421 1008 1482 passus=

177 1503 179 1508 ·
259 1489 364 1550 Obruit
378 1491 515 1565 ingentes
537 1491 596 1551 ista
617 1490 862 1566 procellavires.

217 1573 332 1634 Passus
347 1573 428 1633 idem
443 1580 491 1634 est
502 1575 601 1652 Tyriis
617 1575 670 1649 qui
686 1575 842 1649 quendam
858 1575 966 1650 pulsus
982 1571 1020 1632 ab
1035 1569 1101 1632 aris

107 1719 110 1724 ,
149 1665 202 1722 490
258 1657 390 1718 Cadmus
412 1657 442 1716 in
456 1657 557 1718 Aonia
573 1657 707 1718 constitit
720 1659 789 1720 exui
804 1657 907 1718 hanna.

218 1739 331 1801 Passus
351 1741 433 1800 idem
446 1741 570 1819 Tydeus
589 1748 619 1801 et
633 1742 713 1802 idem
728 1741 904 1816 Pagasaeus
919 1740 1020 1813 lasau,
1051 1751 1055 1756 ·

258 1823 296 1884 lit
312 1840 390 1898 quas
404 1832 564 1900 praeterea
578 1825 671 1900 ionga
684 1825 799 1885 resena
812 1841 899 1887 mera
913 1831 969 1886 est

219 1906 314 1968 Omne
329 1909 429 1985 solum
445 1909 515 1979 sorti
529 1909 627 1984 patria
642 1917 703 1983 est,
726 1916 759 1969 ut
773 1908 909 1985 piscibus
926 1921 1051 1982 aequor,
1122 1929 1125 1938 ⁴

257 1991 297 2052 Ut
311 1991 443 2066 volucri,
464 2007 562 2054 vacuo
580 1993 726 2068 quicquid
740 1994 770 2052 in
789 1992 863 2054 orbe
878 1997 970 2066 patet.

149 2081 201 2138 495
214 2075 276 2135 Nec
292 2076 538 2153 temtempestas
551 2084 615 2136 tata
630 2083 731 2136 tamen
746 2075 850 2136 horret
864 2076 895 2135 in
909 2089 1000 2134 anna.

173 2231 183 2240 ,
261 2157 299 2219 Et
308 2159 395 2219 tibi...
413 2160 505 2220 crede
518 2159 627 2220 mihit..
643 2167 783 2235 tempora
795 2161 878 2219 ueris
894 2161 1002 2220 erunt!

146 2231 172 2252 ²
222 2241 356 2303 Vocibus
376 2243 520 2304 Euander
539 2243 657 2306 firmata
671 2249 772 2304 mente
786 2243 922 2318 parentis

261 2325 346 2386 Nave
362 2332 447 2387 secat
461 2325 588 2402 flumas,
610 2327 853 2403 Hesperiamque
867 2332 958 2386 tenet.

220 2409 345 2484 Iamque
362 2415 458 2472 ratem
473 2411 581 2472 doctae
596 2412 711 2473 monitu
726 2409 892 2472 Carmentis
908 2411 938 2469 in
955 2421 1073 2481 munera

62 2521 78 2590 l]
91 2503 132 2577 3²3
150 2501 203 2556 50⁰
247 2491 383 2570 *Egeram
399 2502 428 2554 et
441 2493 548 2555 Tuscis
564 2495 673 2558 obuius
689 2495 751 2554 ibat
766 2493 864 2570 aquis.
1068 2569 1071 2574 Δ

218 2575 364 2638 Fluminis
379 2577 432 2637 iiia
444 2579 608 2652 latus,0cui
623 2587 693 2640 sunt
705 2579 787 2638 vada
801 2577 903 2637 iuncta
915 2573 1045 2649 Tarenti,

261 2660 381 2735 Aspicit
394 2667 425 2720 et
438 2677 564 2737 sparsas
580 2678 635 2737 per
648 2663 718 2722 loca
732 2662 800 2723 seia
819 2677 919 2722 casas.
1104 2725 1107 2734 ¹

221 2743 321 2819 thue
335 2752 414 2818 erat,
435 2745 582 2808 immissis
598 2761 734 2822 puppem
748 2744 830 2806 stetit
843 2751 913 2805 ante
922 2740 1056 2819 capillis,

263 2828 476 2904 Continuitque
490 2846 612 2892 manum
627 2834 716 2890 torva
729 2830 864 2904 regentis
878 2829 943 2888 iter.

150 2917 202 2972 505
215 2907 253 2976 Et
266 2914 375 2986 procul
389 2913 419 2972 in
436 2913 573 2973 dextram
587 2914 718 2975 tendens
733 2929 790 2975 sua
804 2911 950 2972 bracchia
968 2909 1068 2986 ripam

262 2993 356 3053 Pinea
375 3010 437 3055 nan
453 3012 528 3058 sano
545 3004 591 3058 ter
605 2998 687 3073 pede
700 3004 784 3060 texta
798 2997 881 3057 ferite

220 3075 304 3135 Neve
319 3078 406 3138 daret
420 3081 529 3141 saltum
543 3096 713 3157 properans
734 3081 876 3141 insistere
890 3087 998 3151 tarrae,

261 3157 324 3218 Vix
338 3168 386 3222 est
399 3161 535 3224 Euandri
554 3165 670 3239 vixque
682 3171 799 3225 retenta
813 3179 915 3224 manu.

141 3319 143 3326 Ι
221 3241 345 3318 ‘Di’que
360 3246 545 3318 ‘petitorum'
560 3247 637 3308 dixit
651 3249 780 3308 ‘salvete
794 3249 942 3318 lacerum,

97 3371 99 3376 ,
149 3331 203 3384 alo
258 3326 365 3400 Tuque
379 3343 480 3391 neves
494 3331 581 3390 caele
595 3338 676 3392 terra
690 3331 799 3392 datura
814 3332 901 3402 deos,

220 3403 421 3483 Fluminaque
437 3412 596 3485 attentes,
613 3413 725 3488 quibus
741 3415 833 3476 utitur
849 3411 974 3488 hospita
986 3409 1088 3483 telius,

262 3488 301 3549 st
313 3506 470 3558 nemorum
485 3495 640 3572 nymphae
654 3497 860 3574 naiadumque
874 3493 976 3556 charit
