2520 4008
72 227 75 238 ·
160 207 202 273 te
423 197 425 202 '
557 205 782 274 rarsurunr
845 271 849 286 Ι

214 370 231 424 5
247 361 380 433 Sufficit,
397 342 572 435 atqueipso
588 364 731 418 vexatum
746 355 878 418 induruit
892 373 961 418 usu.

285 447 334 505 An
348 443 446 520 magis
461 443 581 504 infirmo
597 456 658 501 non
672 447 762 501 vacat
776 453 848 504 esse
862 441 971 500 mihil·

243 529 330 588 Mens
345 533 446 588 tamen
463 543 555 603 aegra
569 527 662 599 iacet,
677 540 734 605 nac
751 532 889 598 tempore
902 523 1016 585 robora
1030 527 1171 604 sumpsit,

285 609 488 688 effectusque
503 610 594 671 animi
613 608 664 682 qui
678 607 734 668 luit
748 612 833 678 ante,
853 614 964 668 manet.

244 696 390 770 Quaeque
401 711 490 756 mora
504 693 666 768 spatioque
681 706 738 754 suc
753 691 869 750 coitura
883 691 987 766 putavi

195 789 229 842 10
283 779 434 851 Vulnera,
450 795 512 840 non
527 777 626 847 aliter,
646 790 738 850 quam
751 774 845 833 modo
862 776 945 836 iacta
957 775 1071 839 dolent.

245 862 367 922 Scilicet
387 860 505 936 exiguis
520 859 649 936 prodest
663 873 782 918 annosa
796 865 944 920 vetustas.

286 943 458 1005 Grandibus
474 942 624 1013 accedunt
639 949 780 1016 tempore
793 940 905 1002 damna
919 943 1016 1003 malis.

241 1029 342 1087 Paene
357 1027 464 1086 decem
479 1027 550 1088 totis
565 1026 638 1086 aluit
653 1025 817 1097 Poeantius
833 1026 920 1086 annis
981 1072 992 1082 .
1214 1089 1219 1100 ,

284 1111 461 1170 Pestiferam
479 1110 594 1172 tumido
610 1111 720 1170 vulnus
729 1107 771 1167 ab
792 1125 891 1186 angue
906 1110 1017 1170 datum.
1101 1149 1104 1156 ,

193 1203 226 1259 15
242 1193 393 1270 Telephus
410 1201 534 1258 aeterna
549 1199 750 1268 consumptus
764 1192 835 1252 tabe
850 1194 990 1269 perisset,

285 1277 317 1338 Si
332 1295 393 1339 non
410 1294 490 1352 quae
504 1278 622 1351 nocuit,
640 1277 749 1336 dextra
762 1277 884 1340 tulisset
898 1293 997 1353 opem.

241 1363 279 1421 Et
292 1377 374 1434 mea,
391 1362 417 1421 si
433 1362 550 1423 lacinus
566 1362 678 1420 nullum
695 1360 917 1434 commisimus,
935 1368 1016 1436 opto,

283 1445 420 1504 Vulnera
435 1447 486 1520 qui
504 1446 590 1518 lecit,
606 1445 688 1504 lacta
700 1445 803 1503 levare
818 1443 899 1503 velit.

242 1529 470 1602 contentusque
485 1529 544 1588 mei
559 1529 619 1588 iam
632 1527 755 1589 tandem
769 1535 856 1602 parte
871 1527 987 1588 doloris
1055 1585 1057 1587 ,

191 1621 227 1674 to
280 1611 428 1686 Exiguum
448 1615 539 1686 pleno
555 1612 595 1671 de
609 1627 691 1678 mare
706 1610 808 1670 demat
819 1625 928 1686 aquae.
1028 1607 1030 1610 ’

241 1693 385 1756 Detrahat
399 1701 433 1754 ut
448 1696 591 1770 multum,
606 1695 731 1756 multum
746 1693 873 1754 restabit
887 1694 998 1766 acerbi,

134 1838 137 1844 ,
283 1777 422 1853 Parsque
436 1793 523 1840 meae
538 1793 659 1855 poenae
673 1778 767 1840 totius
788 1777 884 1838 instar
898 1779 963 1838 erit
1030 1777 1032 1782 ’

241 1861 344 1922 Litora
362 1867 437 1936 quot
451 1862 600 1934 conchas,
621 1869 695 1937 quot
710 1875 838 1922 amoena
852 1862 971 1922 rosaria
987 1859 1090 1934 flores,

286 1945 403 2018 Quotve
418 1947 623 2021 soporiferum
637 1961 734 2020 grana
747 1961 885 2020 papauer
898 1944 997 2016 habet,
1055 2011 1058 2015 ,
1074 1993 1075 1996 ,

192 2035 225 2088 2⁵
242 2027 325 2088 Silva
339 2029 420 2088 ieras
437 2035 511 2104 quot
525 2030 592 2102 alit,
609 2036 683 2104 quot
698 2028 836 2104 piscibus
851 2028 935 2089 unda
949 2033 1077 2100 natatur,

283 2111 363 2185 Quot
377 2119 512 2172 tenerum
529 2112 638 2188 pennis
653 2116 725 2172 aera
739 2113 842 2186 pulsat
857 2112 933 2184 avis,

240 2197 296 2256 Tot
310 2211 432 2271 premor
445 2196 596 2260 adversis.
635 2211 715 2272 quae
730 2197 757 2256 si
772 2196 992 2272 comprendere
1007 2209 1109 2267 coner,

282 2279 398 2339 Icariae
417 2295 577 2341 numerum
591 2280 694 2340 dicere
709 2295 803 2340 coner
818 2295 928 2354 aquae.

238 2363 339 2436 thue
353 2362 422 2424 viae
434 2379 540 2437 casus,
556 2371 590 2424 ut
604 2380 708 2425 amara
727 2363 864 2442 pericula
877 2363 973 2438 ponti,
1009 2375 1012 2378 ·

190 2451 226 2506 ³0
281 2445 321 2506 Ut
334 2452 453 2505 taceam
469 2448 590 2510 strictas
607 2448 638 2506 in
653 2463 722 2508 mea
736 2447 799 2508 lata
813 2462 937 2508 manus:

239 2527 373 2590 Barbara
387 2545 436 2591 me
451 2523 540 2591 tellus
556 2531 701 2605 orbisque
716 2531 886 2592 novissima
901 2530 1001 2604 magni

282 2609 433 2686 Sustinet,
450 2620 480 2673 et
494 2630 588 2677 saevo
604 2615 721 2674 cinctus
736 2613 775 2673 ab
791 2615 881 2676 hoste
896 2615 993 2676 locus.

237 2695 768 2774 Hincegotraicerer,...ncqueenim
777 2698 1166 2773 meaculpacruentaest..

279 2779 385 2853 Esset,
403 2797 482 2856 quae
497 2782 604 2856 debet,
620 2783 647 2842 si
662 2781 715 2842 tibi
731 2797 804 2844 cura
819 2783 888 2842 mci.

188 2869 221 2923 ab
237 2862 290 2922 illc
306 2864 398 2936 deus,
414 2863 493 2924 bene
512 2882 573 2938 quo
587 2867 727 2944 Romana
740 2867 876 2942 potentia
887 2865 959 2926 nixa
974 2868 1030 2937 est,

282 2944 382 3020 Saepe
398 2962 455 3007 suo
473 2947 570 3008 victor
587 2947 664 3010 lenis
682 2950 713 3008 in
726 2949 815 3010 hoste
832 2950 896 3010 luit.

239 3028 317 3102 Quid
331 3027 453 3090 dubitas
469 3038 499 3091 et
509 3039 571 3093 tuta
586 3032 695 3092 times?
730 3033 844 3097 accede
858 3047 1012 3108 rogaqucz

280 3111 412 3178 Caesare
426 3114 468 3174 nil
481 3115 589 3190 ingens
603 3117 705 3176 mitius
721 3116 805 3176 orbis
820 3117 921 3178 babet.
1036 3114 1168 3190 [quanti

236 3195 286 3254 Me
303 3195 463 3258 miserum!
493 3200 566 3274 quid
582 3216 687 3276 agam,
712 3201 739 3262 si
757 3202 899 3276 proxima
916 3213 1058 3274 quaeque
1075 3196 1168 3257 relin-

189 3289 222 3339 to
278 3278 438 3341 Subtrabis
454 3281 580 3343 effracto
593 3291 627 3344 tu
642 3301 766 3360 quoque
781 3285 861 3346 colla
874 3285 968 3360 iugot

240 3360 305 3436 Quo
320 3364 422 3424 ferar?
442 3367 640 3442 unde'petam
654 3368 752 3443 lapsis
767 3370 885 3432 solacia
899 3365 1015 3428 rebnst

280 3448 402 3507 Ancora
417 3447 475 3508 iam
491 3457 624 3510 nostram
640 3466 701 3512 non
715 3458 798 3512 tenet
811 3453 874 3513 ulla
887 3457 992 3512 ratem.
