2524 4004
21 271 25 294 r

21 295 24 332 ,Ι

21 337 24 360 r

461 177 719 275 rr,o‚rr‘-r,
744 199 793 264 rr.
1079 200 1143 266 ros

203 355 280 416 Cum
296 349 350 412 tibi
364 355 512 426 suscepto
526 356 574 412 est
588 351 665 426 legis
680 351 815 414 vindicte
829 345 968 427 severae,

194 461 209 468 ··
247 433 355 496 Verba
367 434 453 494 velut
464 433 591 494 tinctum
606 432 727 509 singulo
739 437 825 498 virus
840 435 962 498 hebent.

157 529 194 586 85
208 519 357 582 Hostibus
373 516 508 592 eveniat,
525 533 617 594 quom
632 517 676 578 sis
691 519 845 580 violentus
860 521 891 580 in
906 520 1008 592 ermis,

250 602 370 666 Sentire
384 607 415 661 el
429 600 550 676 linguae
563 603 625 662 tele
639 601 742 662 subire
755 607 836 663 tune.

208 689 293 766 Qnee
306 684 361 747 tibi
376 691 438 746 tom
451 685 536 746 tenui
551 699 625 746 oure
639 685 798 760 limantur,
814 691 847 746 ut
862 701 970 748 omnes

247 771 339 832 Istius
354 768 509 844 ingenium
524 770 665 846 conponis
680 783 752 831 esse
765 775 886 845 negent.
908 829 914 835 .

207 859 250 918 At
263 852 291 914 si
307 868 398 929 quern
413 851 495 912 laedi
510 852 633 914 fortuna
647 853 748 915 cernis
763 853 877 930 inique,

155 955 192 1011 lo
247 935 369 1000 Mollior
385 943 434 996 est
448 936 550 998 animo
565 937 677 998 lemine
691 937 775 1001 nulle
787 944 850 1000 tuo.

208 1025 275 1086 lloo
289 1035 348 1097 ego
364 1021 532 1098 praecipue
547 1019 649 1096 sensi,
664 1035 734 1083 oum
746 1037 859 1099 magne
873 1026 1012 1084 meorum

245 1105 388 1168 Notitiam
402 1119 477 1182 pers
492 1111 541 1166 est
553 1103 682 1167 infitiata
695 1105 766 1166 mei.

207 1193 360 1254 inmemor
373 1189 509 1261 illorum,
525 1189 620 1256 vestri
634 1203 697 1253 non
712 1189 860 1250 inmemor
872 1204 1026 1266 umquam,

250 1273 307 1351 Qui
322 1273 403 1334 molo
417 1272 539 1334 solliciti
553 1279 662 1335 nostru
674 1273 817 1346 levastis,
833 1283 897 1333 ero.

156 1369 192 1426 os
205 1359 243 1422 Et
256 1357 343 1436 prius
357 1356 407 1418 hir
419 1355 512 1418 nobis
526 1357 652 1420 nimium
667 1355 874 1440 conterminus
887 1355 989 1416 Hister

251 1441 285 1502 ln
300 1447 393 1516 eaput
405 1435 527 1516 Euxino
543 1440 583 1502 do
597 1455 682 1504 more
695 1447 793 1502 vertet
806 1441 871 1515 iter,

205 1527 247 1588 Ut
269 1541 308 1586 ue
322 1523 495 1603 Thyesteae
510 1525 639 1588 redeant
651 1527 680 1588 si
693 1533 833 1602 tempore
846 1537 980 1597 mensae,

248 1545 332 1672 gons
347 1607 389 1680 od
403 1619 479 1670 eoos
490 1621 603 1674 currus
618 1618 726 1690 egetur
739 1623 846 1686 eques,

208 1693 303 1770 Quem
318 1692 482 1774 quisquam
496 1699 647 1772 vestrum,
670 1695 721 1772 qui
736 1708 785 1754 me
799 1689 938 1756 doluistis
953 1689 1137 1768 ademptum¹

156 1788 192 1841 so
245 1781 364 1854 Arguat
377 1776 528 1853 ingratum
541 1793 605 1841 non
622 1777 798 1841 meminisse
811 1776 893 1866 sui„
920 1778 923 1784 '

537 1917 734 1936 duva—nu*-
793 1925 795 1930 ι

151 1961 192 2057 i.
242 1993 457 2058 vnsrnnn
555 2023 557 2030 ι

209 2077 333 2178 Missus
348 2131 383 2176 es
397 2115 536 2177 Euxinas
552 2115 712 2192 quoniam,
728 2113 879 2188 Vestalis,
890 2113 935 2180 ,ed
945 2109 1060 2186 undas,

246 2199 287 2260 Ul
299 2199 409 2276 positis
424 2197 540 2280 reddas
554 2197 622 2260 iura
636 2200 695 2260 sub
710 2214 769 2260 axe
783 2197 871 2271 locis,

200 2282 327 2360 Aspicis
343 2291 564 2360 supraemos,
581 2281 664 2359 quali
677 2281 832 2364 iaceamus
848 2283 879 2343 in
893 2295 977 2354 ervo,

244 2367 307 2428 Neo
321 2366 471 2428 molestis
487 2367 548 2434 eris
563 2365 642 2430 lulsn
656 2367 758 2428 solere
771 2366 870 2442 queri.
899 2425 905 2436 ,
930 2396 933 2400 -

145 2459 148 2474 ’
172 2447 423 2512 sAroedotvooi
437 2457 538 2528 perte
552 2457 612 2514 inon
628 2451 860 2526 irritenostrae
900 2479 903 2483 ·
956 2480 958 2484 ·

245 2534 368 2610 Alpinis
380 2533 503 2597 ¹iuuenis
517 2533 642 2612 regibus
658 2541 739 2610 orto,
753 2533 843 2595 lidos.
966 2564 969 2568 ·

206 2615 277 2692 lpse
292 2617 478 2680 videsoerte
493 2615 591 2696 glaeie
606 2633 808 2679 concrescere
822 2617 960 2680 Pontum.

134 2708 138 2722 “
246 2701 319 2776 lpse
334 2701 423 2764 vides
437 2703 537 2780 rigido
553 2702 665 2764 stantia
673 2701 751 2762 uine
764 2701 844 2776 gelu.

205 2785 280 2860 lpse
294 2785 399 2860 vides,
410 2793 542 2862 'onorata
556 2787 645 2848 lerox
658 2791 691 2846 ut
706 2786 798 2847 duent
812 2785 909 2862 Iazyx
965 2779 966 2784 ’

156 2875 191 2929 lo
243 2866 302 2929 Per
315 2867 433 2952 medias
448 2869 543 2932 Histri
557 2871 697 2948 plaustra
710 2867 860 2933 bubulcus
877 2883 983 2944 equas.

203 2951 329 3027 Aspicis
344 2960 374 3014 et
388 2954 463 3016 mitti
478 2953 536 3016 sub
552 2954 674 3017 adunco
688 2953 790 3014 toxico
804 2953 895 3025 lemn,
1004 2980 1007 2985 ·
1037 2979 1040 2984 >

243 3034 389 3098 Ellelum
403 3053 514 3099 cousus
529 3037 635 3100 mortis
650 3037 764 3098 habore
778 3035 866 3104 duas.
955 3103 958 3108 ,

201 3118 305 3194 Atque
319 3121 436 3183 utinam
447 3137 521 3198 pers
535 3121 614 3183 liaeo
629 3129 746 3183 tuntum
761 3126 899 3197 spectato
913 3115 1031 3191 luisset,

239 3201 307 3264 Non
323 3203 415 3267 eliam
429 3203 556 3283 proprio
573 3205 697 3284 cognita
710 3203 889 3266 Martetibi!

153 3287 188 3343 le
201 3283 339 3349 Tendisti
354 3287 395 3350 ad
409 3287 540 3366 primum
554 3305 612 3368 por
625 3291 722 3351 denso
736 3287 872 3366 pericula
886 3283 989 3366 pilum,

241 3366 374 3447 contigit
388 3387 428 3432 ex
442 3369 550 3435 merito
566 3372 619 3451 qui
633 3371 687 3435 tibi
701 3389 800 3450 nuper
812 3373 920 3435 honor.

200 3449 248 3514 Sit
261 3451 333 3516 lieet
345 3453 396 3517 hio
411 3452 516 3521 titulus
529 3455 631 3534 plenis
646 3455 702 3519 tibi
717 3456 866 3520 fructibus
882 3454 1003 3530 ingens,
