2520 4012
481 219 508 295 1,
530 217 565 294 3,
588 217 723 285 lo-sl.

199 377 327 448 Horam,
342 371 523 447 propositae
539 387 618 447 quaa
633 373 712 434 ioret
725 381 797 449 apta
810 372 888 435 viae.

108 467 141 521 55
154 465 214 523 Ter
228 459 319 518 limen
334 455 433 531 tetigi,
449 462 574 517 tersum
587 461 768 530 revocans,
785 465 815 517 at
829 458 897 533 ipse

95 555 107 586 ¹
198 537 365 616 Indulgens
380 539 481 600 animo
494 554 551 615 pes
565 539 638 598 mihi
652 541 758 601 tardus
774 548 847 602 erat.

157 626 258 701 Saepe
274 623 440 683 valedicto
456 639 563 684 rursus
578 639 646 684 sum
660 625 752 686 multa
767 623 896 700 locutus,

198 711 235 768 Et
250 707 339 783 quasi
354 705 520 767 discedens
536 708 645 768 oscula
659 723 779 768 summa
793 707 875 768 dedi.

157 790 259 868 Saepe
274 791 382 850 eadem
396 789 540 850 mandata
554 791 641 866 dedi,
656 807 767 866 meque
781 792 851 866 ipse
866 792 969 869 fefelli,

107 886 142 941 so
197 875 380 951 Respiciens
396 874 492 934 oculis
509 875 638 948 pignora
653 890 724 934 cara
737 875 822 936 meis.
1002 881 1105 960 [quom

157 960 297 1034 Denique
312 957 403 1032 ‘Quid
418 964 574 1032 properos
596 957 723 1033 Scythia
738 966 793 1030 est,
811 977 871 1036 quo
883 961 1046 1040 mittimur’,
1061 964 1103 1022 in-

197 1044 307 1104 ‘Roma
320 1041 523 1116 relinquenda
538 1047 594 1100 est.
628 1049 758 1116 utraque
772 1044 851 1104 iusta
864 1060 951 1106 mora
964 1051 1020 1108 est.

154 1128 241 1189 Uxor
256 1127 286 1187 in
302 1131 458 1186 aeternum
473 1125 545 1184 vivo
558 1124 631 1186 milri
645 1125 717 1185 viva
731 1134 866 1201 negatur,

195 1211 234 1270 Et
249 1211 359 1270 domus
374 1215 404 1268 et
415 1208 497 1268 lidae
510 1207 613 1268 dulcia
626 1207 762 1268 membra
776 1210 894 1286 domus,

105 1300 138 1356 65
155 1293 303 1370 Quosque
319 1299 377 1367 ego
391 1293 525 1354 fraterno
541 1292 633 1351 dilexi
649 1307 733 1351 more
748 1293 883 1370 sodaleS,

198 1376 222 1436 Ο
237 1375 310 1436 mihi
324 1375 443 1436 Thesea
457 1382 584 1449 pectora
597 1375 700 1436 iuncta
713 1375 789 1437 ilde!

154 1462 233 1522 Dum
248 1460 332 1532 licet,
348 1459 524 1536 amplectar.
558 1475 722 1534 numquam
737 1460 870 1522 fortasse
884 1461 986 1523 licebit

196 1544 347 1619 Amplius.
383 1542 413 1601 in
427 1543 513 1603 luero
528 1549 576 1602 est
591 1557 670 1616 quae
683 1543 772 1603 datur
785 1543 861 1605 hora
872 1545 967 1606 mihi?

131 1627 217 1691 'Nec
231 1641 330 1699 mora,
347 1628 498 1686 sermonis
514 1624 607 1686 verba
620 1625 789 1700 inperfecta
802 1628 952 1704 relinquo,

52 1701 69 1746 ⁸
104 1719 138 1774 70
196 1710 408 1786 complectens
424 1709 525 1770 animo
539 1709 681 1784 proxima
695 1725 838 1786 quaeque
851 1727 931 1772 meo.

153 1793 232 1853 Dum
245 1793 357 1869 loquor
371 1799 401 1852 et
414 1791 540 1867 flemus,
556 1793 642 1853 eaelo
654 1791 855 1855 nitidissimus
869 1795 940 1870 alto,

194 1876 289 1937 Stella
302 1877 407 1952 gravis
422 1875 527 1952 nobis,
542 1875 664 1938 Luciier
678 1883 762 1938 ortus
776 1886 849 1938 erat.

151 1961 278 2021 Dividor
292 1961 375 2021 haud
390 1959 489 2034 aliter,
507 1975 597 2036 quam
612 1962 639 2020 si
653 1975 726 2042 mea
735 1961 870 2022 membra
884 1961 1060 2038 relinquam,

192 2043 232 2104 Et
244 2059 319 2119 pars
334 2043 473 2120 abrumpi
488 2059 620 2119 corpore
633 2044 703 2105 visa
717 2061 774 2106 suo
790 2051 846 2106 cst.

102 2135 136 2190 75
150 2127 204 2189 Sic
220 2127 317 2188 doluit
329 2127 429 2188 Metus
442 2134 529 2198 tuuc,
545 2143 614 2188 cum
628 2128 659 2186 in
674 2130 826 2188 contraria
840 2143 950 2188 versos

193 2211 317 2272 Ultores
331 2211 437 2272 habult
453 2211 635 2287 proditionis
651 2226 761 2285 equos.

149 2293 223 2354 Tum
238 2310 313 2354 vero
329 2295 465 2356 exoritur
479 2295 595 2356 clamor
608 2295 802 2370 gemitusque
815 2311 961 2371 meorum,

177 2377 229 2438 -Et
244 2377 355 2439 feriunt
368 2383 505 2438 maestae
518 2385 646 2454 pectora
659 2379 743 2438 nuda
756 2395 874 2440 manus.

149 2461 223 2521 Tum
238 2477 312 2522 vero
327 2463 475 2536 coniunx,
491 2462 625 2524 humeris
639 2461 780 2524 abeuntis
794 2461 967 2536 inhaerens,

99 2551 134 2606 80
189 2545 312 2607 Miscuit
323 2545 403 2608 -luaec
417 2545 550 2607 lacrimis
565 2545 661 2606 tristia
675 2546 757 2606 diota
771 2546 851 2607 suis=
1096 2607 1098 2612 ,

150 2627 228 2688 ‘Non
245 2636 333 2705 potes
349 2629 449 2689 avelli.
468 2628 589 2702 simul,
605 2637 637 2690 a!
653 2629 743 2690 simul
756 2628 879 2688 ibimus’
894 2628 1006 2704 inquio

191 2713 245 2782 ‘Te
258 2729 372 2789 sequar
384 2719 417 2773 55
430 2713 564 2773 coniunx
575 2712 674 2772 exulis
688 2712 760 2770 5551
776 2725 839 2770 ero.

148 2793 187 2854 Et
200 2794 272 2855 mihi
288 2798 367 2856 lacta
383 2797 433 2856 vio
446 2803 502 2857 est.
536 2802 567 2856 55
580 2810 629 2854 me
643 2795 725 2868 capit
739 2793 843 2854 ultima
857 2793 960 2854 tellus=

187 2879 344 2940 Aoo-edam
358 2880 509 2956 profugae
524 2879 645 2942 sarcina
658 2892 756 2953 parva
767 2877 833 2937 rati.

97 2967 131 3022 85
144 2959 188 3020 le
203 2960 287 3022 iubet
301 2979 320 3022 a
336 2964 435 3038 patria
450 2962 611 3023 discedere
626 2961 767 3022 caesaris
781 2961 835 3035 ira,

184 3043 237 3104 Me
251 3047 360 3120 pietas.
397 3045 497 3121 pietas
511 3046 589 3106 haee
603 3044 676 3104 mihi
690 3045 804 3106 Caesar
817 3045 883 3106 erit.

144 3126 228 3188 Talia
241 3129 424 3204 temptabat,
440 3129 519 3190 sicut
531 3134 733 3204 temptaverat
746 3135 825 3202 ante,

185 3209 310 3288 Vixque
325 3213 411 3274 dedit
426 3213 521 3272 victas
536 3212 662 3273 ulilitate
676 3227 794 3272 manus.

142 3291 340 3368 agredus...
356 3297 423 3356 sive
438 3295 513 3356 illud
527 3301 593 3358 erat
606 3294 673 3355 sine
687 3295 794 3357 sunere
808 3295 891 3368 lerri,

93 3379 129 3435 90
187 3375 356 3453 Squalidus
370 3379 508 3440 inmissis
523 3378 603 3438 hirta
617 3394 673 3453 per
690 3395 745 3439 ora
759 3377 865 3438 comis.

143 3458 198 3520 llla
212 3461 323 3523 dolore
337 3477 445 3525 amens
459 3462 593 3524 tenebris
609 3469 748 3523 narratur
763 3460 879 3522 obortis

361 3609 647 3738 ⁶⁶5⁴,er

347 3713 354 3728 ’
461 3723 476 3754 ¹,
513 3725 549 3764 rs

330 3777 347 3877 t
384 3698 691 3964 5515155555)

347 3880 609 3966 1χιίῚιῖἷῃηι
