2524 4004
473 235 516 314 u,
540 197 717 304 rra-me.
818 233 822 238 ’
1045 241 1116 345 aar

172 391 225 454 Sic
238 391 364 463 iterum,
380 390 426 452 sic
443 407 538 468 saepe
555 393 677 452 cadunt.
707 391 765 454 Ubi
779 393 903 455 vincere
917 401 1023 472 aperte

213 475 281 534 Non
296 475 401 548 datur,
416 475 546 536 insidias
561 490 707 550 armaque
721 481 801 536 tecta
816 474 932 552 parant:

105 570 158 625 ate
173 560 305 636 Campus
322 564 397 618 erat.
426 559 526 633 campi
541 558 725 618 claudebant
738 560 843 620 ultima
857 563 953 624 eolles

216 643 362 717 Silvaque
377 647 538 702 montanas
556 643 697 703 occulere
712 648 785 718 apta
799 643 890 704 ieras.

172 727 207 788 In
222 726 325 800 medio
341 739 458 802 paucos
473 733 671 802 armentaque
685 742 755 786 rara
769 726 951 803 relinquunt,

215 811 323 873 Cetera
337 808 476 884 virgultis
491 808 596 870 abdita
610 810 699 871 turba
712 811 794 871 lateb

172 895 254 957 Ecce
270 895 354 954 velut
367 901 488 954 torrens
502 895 593 954 undis
609 893 794 968 pluvialibus
813 903 932 972 auctae,

108 983 161 1036 aaa
215 980 278 1039 Aut
292 978 377 1052 nive,
395 993 475 1051 quae
489 977 627 1054 zephyro
645 978 724 1038 vieta
739 985 862 1054 tepente
876 979 952 1052 fluit,

171 1063 229 1124 Per
243 1068 309 1122 sata
325 1077 442 1136 perque
456 1061 523 1120 vias
546 1063 655 1135 fertur,
671 1077 744 1136 nec,
762 1069 792 1124 ut
807 1069 876 1124 ante
890 1065 1021 1137 solebat,

212 1143 359 1220 Riparum
375 1146 497 1205 clausas
512 1145 648 1220 margine
663 1145 729 1206 finit
742 1161 855 1221 aquasz

174 1229 225 1291 Sic
239 1229 323 1289 Fabii
338 1229 450 1290 vallem
461 1229 529 1289 latis
545 1227 736 1289 discursibus
751 1231 885 1305 implent,

213 1313 364 1389 Quodque
379 1313 496 1388 vident,
513 1318 660 1373 sternunt.
689 1327 746 1372 nec
761 1319 859 1374 metas
875 1315 950 1374 aller
964 1315 1052 1375 inest.

105 1409 158 1465 223
173 1397 238 1472 Quo
254 1397 352 1470 ruitis,
370 1410 523 1472 generosa
538 1397 670 1456 domus?
692 1396 770 1456 male
786 1397 910 1458 creditis
925 1398 1014 1459 hosti.

212 1479 350 1557 Simplex
364 1481 524 1557 nobilitas,
542 1475 661 1556 perfida
676 1483 735 1541 tela
749 1489 840 1544 cave!
1090 1556 1095 1563 ι

171 1563 291 1625 Fraude
307 1565 385 1642 perit
400 1565 503 1626 virtus.
533 1566 567 1624 ln
581 1571 705 1641 apertos
720 1566 857 1640 undique
872 1581 1000 1642 campos

214 1648 379 1710 Prosiliunt
392 1649 513 1724 hastae,
530 1655 560 1710 el
573 1652 654 1710 latus
670 1665 759 1710 omne
774 1656 884 1710 tenent.

174 1733 252 1808 Quid
267 1733 379 1795 iaciant
391 1734 482 1809 pauci
498 1740 604 1794 contra
617 1739 662 1795 tot
675 1733 757 1796 milia
772 1735 900 1794 fortesl'

108 1833 162 1890 230
218 1816 349 1892 illudve,
367 1819 451 1894 quod
466 1818 496 1877 in
512 1818 623 1878 misero
639 1825 777 1892 tempore
791 1825 898 1894 restet,
909 1818 1045 1892 »habenti

176 1899 260 1962 Sicut
274 1917 349 1976 aper
364 1902 454 1976 longe
470 1902 556 1962 silvis
570 1901 774 1962 Laurentibus
790 1909 876 1962 actos

215 1983 372 2046 Fulmineo
388 1987 505 2046 celeres
521 1986 719 2061 dissipatore
735 2000 837 2061 carnee,

173 2067 250 2138 Mox
262 2075 363 2128 tamen
377 2071 445 2145 ipse
461 2071 553 2145 perit,
570 2071 615 2129 sic
630 2087 691 2130 uon
707 2070 875 2131 moriuntur
888 2069 983 2145 inulti,

188 2201 192 2208 .
217 2125 415 2229 Vblneraque
429 2155 545 2214 alterna
559 2153 693 2228 dantque
707 2155 868 2230 feruntque
883 2171 985 2216 manu.

106 2248 160 2304 aaa
174 2235 244 2298 Una
259 2237 325 2296 dies
340 2236 451 2298 Fabios
467 2238 507 2297 ad
523 2237 634 2297 bellum
649 2237 772 2298 miserat
787 2254 910 2299 omnes=

216 2319 267 2379 Ad
281 2319 393 2380 bellum
408 2323 522 2382 missos
539 2321 670 2397 perdidit
683 2338 745 2382 una
759 2323 836 2382 dies.

173 2401 213 2464 Ut
226 2409 327 2463 lamen
341 2405 511 2466 Herculeae
531 2412 731 2482 superessent
745 2408 862 2466 semina
877 2405 987 2482 gentis,

215 2487 365 2548 Credibile
379 2496 427 2550 est
443 2490 531 2566 ipsos
547 2489 743 2552 consuluisse
755 2489 843 2550 deos.
1091 2487 1092 2490 ’

122 2629 123 2632 ,
173 2571 248 2634 Nam
264 2587 340 2647 puer
354 2573 495 2649 impubes
513 2582 545 2635 et
556 2575 657 2634 u'dhuc
671 2590 732 2633 non
748 2575 829 2634 utilis
845 2574 937 2634 armis

107 2663 162 2718 240
217 2655 303 2716 Unus
318 2657 357 2716 de
370 2656 465 2720 Fabia
478 2667 568 2734 gente
582 2658 705 2719 relictus
722 2665 800 2717 erat:

169 2737 292 2800 Scilicet
306 2746 339 2799 ut
354 2757 466 2815 posses
482 2743 553 2804 olim
567 2749 613 2812 to,
629 2741 777 2814 Maxime,
794 2741 888 2814 nasci,

183 2889 186 2895 ,
215 2823 267 2882 Cui
283 2839 333 2883 res
349 2827 520 2887 cunctando
535 2825 722 2886 restituenda
738 2825 826 2885 ieret.
924 2861 926 2865 -

532 2957 582 3020 lt.
605 2959 661 3020 EN

169 3074 349 3137 continuata
363 3079 432 3140 loco
447 3079 505 3138 tria
520 3079 635 3154 sidera,
652 3079 769 3140 Corvus
785 3086 816 3140 et
829 3079 957 3154 Anguis

210 3157 253 3219 El
263 3163 384 3222 medius
398 3163 501 3222 Crater
516 3163 594 3222 inter
611 3170 773 3239 utrumque
788 3163 877 3223 iacet.

107 3247 162 3305 me
174 3242 281 3305 Idibus
296 3245 348 3307 illa
362 3247 463 3307 latent.
492 3247 629 3308 oriuntur
642 3253 731 3308 nocte
749 3247 899 3326 sequenti.

133 3327 931 3412 ‚Qmfflwmmmmmmm

171 3408 264 3474 Forte
278 3412 344 3475 lovi
357 3413 500 3476 Phoebus
515 3416 627 3476 iestum
641 3415 789 3476 sollemne
802 3415 976 3496 parabata„

213 3495 282 3561 Non
296 3497 389 3560 faciet
402 3499 512 3575 longas
527 3499 629 3560 tabula
643 3507 749 3562 nostra
763 3514 900 3618 moras}
