2454 4004
446 206 499 282 lt,
522 202 702 269 &4000

153 359 325 424 ‘condidus
339 359 438 420 elisae
449 359 594 420 remecurt
608 370 720 418 caseus
735 356 859 432 herbae,
938 361 939 366 ’

192 448 366 522 cognoscat
379 443 503 520 priscos
516 447 550 503 ut
565 441 624 501 dea
636 440 743 530 *prisca
758 439 868 533 cibos.⁸

426 569 456 638 5.
486 577 512 636 G
532 565 626 639 NON
642 583 730 634 tuor

149 694 278 754 Postera
291 705 363 754 eum
375 693 463 754 caelo
476 692 568 752 nrotis
580 689 744 752 Palantlos
759 690 851 752 astris
943 749 944 752 ,

189 777 336 851 Fulserit,
353 784 383 837 et
397 778 506 836 niveos
520 776 608 836 Luna
621 775 731 836 levarit
744 791 853 850 equos,

87 868 140 924 3⁷5
156 859 211 936 Qui
227 861 307 920 dicet
322 861 496 934 ‘Qrmndem
511 866 631 922 sacrata
646 865 694 922 ast
709 859 787 920 colle
805 857 919 932 Quirini

190 945 255 1004 Hac
268 944 403 1005 Fortuna
418 945 468 1004 die
481 943 638 1018 Publica,’
653 958 748 1004 verus
762 943 827 1002 erit.

49 1077 99 1140 e.
118 1077 147 1136 H
162 1065 564 1138 wavo1·7.Alirv1›1
605 1075 634 1139 8.
657 1077 822 1138 BN·rvor
863 1075 894 1139 9.
924 1069 980 1136 CN
998 1091 1087 1134 nvur

149 1193 248 1254 Tertia
261 1194 346 1253 lame.
359 1193 512 1252 memini...
527 1193 704 1268 indiscunt,
720 1211 757 1256 ac
772 1194 845 1254 mihi
859 1194 984 1268 quidam
1101 1241 1103 1246 .

192 1277 348 1352 Spectanti
362 1276 468 1337 senion
482 1275 707 1352 conunuusque
722 1277 792 1337 loco

151 1363 258 1420 ‘Haec'
274 1361 317 1420 ait
329 1361 395 1420 ‘illa
408 1361 496 1433 (liert,¹
507 1360 632 1437 Libycis
648 1376 709 1437 qua
724 1361 839 1422 Caesar
853 1360 884 1420 in
900 1361 963 1421 oris

85 1457 139 1511 380
193 1444 319 1506 Perfida
327 1442 512 1520 mugniacioli
527 1444 665 1506 contudit
680 1461 764 1505 arma
779 1443 882 1505 Iubae

152 1531 220 1590 Dux
236 1529 310 1588 mihi
325 1529 438 1590 caesar
453 1535 532 1604 eret,
547 1528 608 1590 sub
622 1544 683 1604 quo
697 1528 851 1590 meruisse
865 1527 1004 1592 tribunus

196 1613 325 1672 Glorior.
355 1612 461 1672 officio
473 1613 607 1688 praefuit
620 1612 670 1672 ille
685 1629 765 1673 meo,

152 1697 239 1756 Hanc
254 1712 312 1771 ege
326 1697 432 1756 militie
447 1697 569 1771 sedem,
584 1703 710 1772 topace
725 1696 849 1771 parasti,
940 1695 952 1760 ι’

191 1781 272 1840 Inter
285 1780 333 1840 bis
350 1780 465 1854 quinos
476 1797 552 1840 usus
567 1780 685 1842 honore
698 1781 814 1840 Viros!

88 1871 141 1926 385
155 1863 244 1924 Plura
258 1863 390 1925 levaturi·
403 1863 505 1924 subito
521 1865 696 1925 seducimur
710 1862 817 1924 imbre.
911 1922 912 1925 ,

193 1947 329 2008 Pendula
343 1947 487 2008 coelestis
500 1947 592 2007 nium
606 1946 750 2008 movebat
765 1961 872 2022 aquus.

149 2032 231 2091 Ante
243 2037 361 2105 iernen,
376 2048 467 2106 qaam
482 2045 602 2092 summo
616 2031 683 2090 dies
700 2031 877 2106 spectacula
893 2030 991 2103 sistat,

195 2115 326 2190 Ensiger
341 2115 434 2176 Orion
448 2129 584 2190 aequore
599 2128 720 2176 mersus
736 2115 801 2175 erit.

388 2247 439 2312 1‘0.
466 2245 767 2332 liliano-rumne

153 2369 295 2432 Proxima
307 2371 463 2430 victrioem
479 2385 546 2430 oum
561 2369 691 2430 Romam
705 2369 875 2443 inspexerit
887 2369 960 2442 Eos,

89 2463 142 2518 390
195 2453 233 2514 Et
247 2453 366 2514 dederit
379 2452 508 2514 Phoebo
520 2453 610 2512 stella
623 2453 727 2526 lupata
740 2451 853 2525 locum,

155 2537 335 2598 Circus-enit
348 2552 467 2613 pompe
480 2535 602 2596 celeber
615 2549 805 2610 numeroque
820 2534 958 2608 deorum,

94 2631 96 2636 ·
195 2621 356 2696 Prirneque
370 2620 508 2682 ventosis
523 2621 625 2695 pelrne
639 2624 761 2695 petetur
774 2618 873 2692 equis.

289 2747 339 2814 11'.
360 2746 420 2813 EN
462 2745 513 2816 12·
533 2753 589 2814 FN
607 2769 714 2813 tvnr·
726 2769 865 2815 casser

153 2870 231 2930 Hine
247 2869 365 2932 Cereris
380 2868 454 2930 ludi.
483 2886 545 2930 non
563 2876 611 2930 est
625 2886 730 2951 opus
720 2870 821 2931 indice
837 2885 947 2930 censa·

197 2953 314 3030 Sponte
332 2954 411 3036 deae
426 2971 538 3015 munus
553 2943 814 3030 promeritumque
829 2959 923 3029 patet.

88 3047 143 3104 395
157 3037 270 3098 Messis
287 3043 351 3097 erat
362 3027 471 3112 prioris
486 3038 603 3098 virides
617 3037 796 3098 mortalibus
811 3037 935 3110 herbae,

29 3186 31 3194 ,
197 3120 278 3194 Quas
292 3122 384 3182 tellus
398 3121 480 3181 nullo
497 3121 680 3182 sollicitante
693 3121 795 3182 dabat.
860 3154 863 3162 ,

154 3203 192 3264 Et
205 3205 298 3266 modo
319 3205 488 3280 carpebant
500 3205 602 3273 vivaci
603 3206 733 3297 cespite
747 3197 882 3280 gramen,

195 3287 281 3349 Nunc
297 3286 408 3376 epulae
420 3296 526 3349 tenero
540 3277 650 3350 fronde
666 3291 813 3350 cacumen
828 3293 924 3348 erant.

154 3371 322 3434 Postmodo
339 3368 426 3448 glane
437 3380 508 3434 nata
519 3379 575 3434 est.
593 3372 673 3432 bene
689 3380 754 3432 erat
765 3373 825 3432 iam
837 3370 949 3446 glande
959 3373 1090 3444 repertu,

86 3463 141 3518 400
195 3455 342 3532 Duraque
360 3457 540 3532 magnificas
556 3471 688 3533 quereus
702 3455 835 3518 habebat
849 3469 938 3530 opes.
1047 3496 1049 3500 .
