2520 4012
474 249 711 302 attenuatio,
1061 262 1097 298 vrr

76 403 104 444 nt
113 392 232 444 nesciam
242 405 275 440 au
285 389 336 440 hoc
347 389 512 437 instrumento
523 401 606 450 neque
618 389 650 437 ab
662 387 760 438 Heiasli
771 389 873 455 ingenio
889 405 971 455 neque
983 403 999 440 a
1012 400 1099 441 nostro

77 464 169 513 labore
185 459 273 510 utilius
291 458 426 521 quicquam
437 457 542 505 carmini
557 457 660 521 egregIo
677 455 805 522 obtigerit.
830 456 951 524 Superest
963 467 1059 509 tantum
1072 467 1099 509 nt

78 539 267 593 usquequaque
275 541 350 576 suum
360 526 386 575 in
397 539 472 575 usum
483 531 652 584 eonvertatur,
671 525 741 588 qnod
751 533 778 574 ut
787 528 844 590 ipse
855 529 961 592 recipiat
973 529 1048 578 etiarn
1061 535 1099 578 at·

78 615 131 662 que
146 599 223 647 etiam
240 603 278 645 est
292 593 431 660 rogandus.
464 593 527 643 Nam
543 593 611 656 quod
626 595 707 658 copiis
722 595 826 644 amabili
841 595 949 647 candore
965 597 1028 646 mibi
1040 609 1099 661 per-

77 668 170 716 missis
180 666 264 727 aliquo
275 679 332 712 curu
344 663 427 712 lrnctn
438 669 462 711 et
471 661 551 712 multa
560 677 616 712 cunr
626 661 794 712 oblectatione
804 679 866 713 usas
875 677 942 728 snm,
953 680 983 714 ea
991 681 1018 714 re
1027 667 1098 728 quie-

80 751 161 799 quam
173 734 222 782 sibi
236 739 378 797 surreptum
388 731 527 795 deperiisse
541 732 723 780 neexistimete
743 731 822 783 multo
834 733 901 782 euim
916 735 989 798 plura
1004 743 1028 782 et
1042 749 1099 799 gra·

79 807 157 856 viora
167 801 294 852 sollertem
302 801 418 850 criticum
429 808 635 864 expromptumm
646 813 766 865 auguror.

157 871 230 920 Alter
240 870 317 918 codex
330 875 368 917 est
381 882 456 930 quem
469 867 529 917 olim
537 869 701 918 Petavianum
711 869 778 927 dixi,
794 869 871 921 hodie
884 871 950 920 inter
960 872 1099 920 vaticanos

83 942 130 1002 qui
149 938 289 987 Christiane
305 936 444 986 Succorum
460 937 563 1001 reginae
579 937 680 987 fuerunt
696 951 723 988 n.
740 933 821 1000 1799,
839 937 936 989 formae
948 939 1098 1002 quadratae,

80 1005 239 1056 membranis
247 1006 314 1054 binis
323 1004 459 1070 colligatis,
469 1006 585 1054 versibus
595 1003 723 1071 inpagina
731 1007 827 1057 vicenis
836 1008 957 1072 septenis,
967 1009 1098 1073 scriptura,

81 1091 161 1140 quam
171 1073 364 1139 Carolingorum
374 1074 496 1139 dicimus,
512 1073 650 1139 ineleganti
659 1087 689 1123 ae
698 1075 850 1140 negligenti,
861 1075 992 1126 vocabulis
1000 1077 1099 1140 saepis-

81 1147 291 1208 simeperperam
308 1143 454 1206 diremptis,
471 1143 702 1208 praepositionibus
716 1143 809 1206 ubique
826 1145 991 1194 substantivis
1006 1143 1099 1193 adbae-

80 1213 196 1262 rentibus
202 1249 211 1277 ‚
223 1211 374 1277 plerumque
385 1211 475 1261 litteris
485 1211 645 1261 adsimilatis.
664 1211 831 1275 interpunctio
842 1225 907 1274 quae
919 1212 995 1262 inerit
1005 1220 1029 1262 et
1038 1227 1100 1261 num

80 1282 235 1346 pentametri
245 1281 429 1343 subducantur,
444 1295 494 1330 nou
506 1280 608 1329 invenio
621 1281 777 1331 adnotatum.
799 1289 858 1346 post
869 1295 999 1330 caesuram
1009 1289 1099 1344 penta-

80 1351 157 1398 metri
166 1348 317 1414 plernmque
326 1350 438 1413 amplum
446 1349 607 1398 interstitium
616 1348 730 1398 relietum
739 1363 798 1398 esse
809 1349 914 1400 dicitnr:
931 1349 1056 1412 quaedam
1066 1351 1098 1399 ab

82 1419 174 1468 eadem
184 1432 260 1468 maurr
270 1427 398 1478 comesta,
409 1417 529 1466 multaab
540 1417 632 1482 altera,
647 1431 713 1480 quae
724 1419 786 1467 satis
796 1425 895 1468 vetusta
904 1419 1027 1468 videatur.
1050 1417 1098 1466 Ile·

81 1487 144 1536 sinit
154 1487 237 1536 codex
246 1487 272 1535 in
283 1486 340 1536 libri
351 1487 430 1550 quinti
437 1499 538 1534 versum
549 1484 590 1536 24.
608 1485 704 1536 Keilins
714 1485 811 1537 saecli
821 1501 878 1536 esse
889 1494 1001 1536 testatur.
1022 1485 1096 1535 Hein-

83 1557 139 1602 sius
148 1570 200 1604 uno
211 1555 313 1606 saeculo
325 1554 490 1617 antiquiorem
501 1555 645 1619 scripserat.

153 1623 224 1672 Alter
234 1631 272 1672 est
284 1623 421 1672 Vaticanus
437 1638 464 1675 n.
472 1620 542 1674 3262
558 1624 598 1672 eni
613 1623 761 1686 inscriptum
775 1621 857 1672 ‘Fasti
870 1623 898 1672 di
910 1621 998 1672 Ostdtc
1010 1625 1036 1672 in
1049 1625 1099 1672 ἵνα

81 1691 251 1754 longobarda.
261 1692 318 1743 Ful.
330 1691 409 1752 llral,
421 1691 518 1742 formae
528 1691 668 1756 oblongae,
679 1691 794 1740 versibus
803 1691 940 1755 inpaginls
952 1691 1098 1754 duodequa-

81 1759 220 1824 dragenis,
235 1761 357 1824 scriptura
374 1767 480 1810 venusta
490 1760 627 1810 admodum
637 1767 661 1808 et
675 1759 816 1823 aequabili,
831 1760 857 1808 in
870 1761 989 1810 extremis
997 1761 1099 1824 paginis

82 1826 137 1876 iere
153 1827 276 1888 evanida,
290 1828 446 1892 compendiis
463 1828 515 1877 lere
529 1828 634 1889 iisdem,
652 1841 715 1892 quos
726 1830 754 1878 in
769 1827 832 1878 libro
842 1827 931 1877 Hamb.
949 1841 1099 1879 commento-

81 1897 146 1959 ravi,
158 1895 287 1945 vocabulis
298 1905 414 1946 accurate
424 1895 609 1959 discriminatis,
620 1899 782 1962 pentametris
795 1897 907 1948 reductis
915 1897 1009 1959 abique
1024 1911 1097 1962 prae-

79 1969 197 2024 terquam
206 1963 276 2014 toliis
291 1965 428 2028 prioribus.
447 1979 524 2030 supra
537 1966 616 2016 lineas
630 1966 784 2031 glossemata
799 1965 884 2015 addita
897 1980 955 2014 cnm
966 1965 1049 2014 littera
1063 1981 1097 2028 a,

82 2031 147 2082 ordo
162 2039 187 2080 et
202 2034 351 2082 constructio
361 2033 542 2083 vocabulorum
551 2035 663 2085 indicata
671 2034 760 2084 litteris
769 2033 913 2100 alphabetir
929 2034 1060 2098 particulis
1074 2039 1099 2082 et

80 2101 277 2162 pronominibus
291 2101 475 2166 interrogativis
493 2103 568 2167 signa
583 2117 693 2167 superne
712 2104 850 2166 adscripta.
879 2115 970 2150 manns
988 2101 1098 2151 secunda

81 2168 151 2216 inest
161 2181 229 2218 saec.
240 2166 296 2216 XV.
320 2173 377 2236 lpse
396 2171 459 2221 liber
474 2183 541 2222 saec.
557 2168 603 2222 xt.
866 2183 868 2187 ·

154 2237 242 2298 ltaque
252 2237 360 2300 primurn
370 2247 422 2287 erat
432 2245 461 2286 ut
474 2239 548 2300 siqua
559 2240 585 2288 iu
594 2239 724 2288 Petet-iani
734 2238 867 2288 collatione
875 2239 1011 2291 Heinsiana
1021 2253 1099 2301 quam

84 2303 153 2354 edidi
168 2306 349 2369 praetermissa
358 2315 452 2365 essent,
463 2319 528 2369 quae
542 2308 646 2372 probari
657 2317 776 2372 possent,
791 2308 924 2358 vetustatis
939 2309 1041 2358 nomine
1054 2307 1099 2357 ad·

84 2374 249 2426 mitterentur.
275 2373 312 2423 Ea
324 2375 351 2424 in
366 2389 393 2423 re
407 2375 534 2424 oriebatur
548 2377 663 2438 quaestio
673 2376 847 2441 perdifficilis,
862 2377 908 2426 sed
923 2375 1028 2426 alieuius
1044 2390 1097 2425 mo-

85 2439 176 2502 menti,
192 2457 253 2490 num
265 2457 356 2492 manus
371 2443 482 2492 secunda
492 2455 550 2493 enm
559 2444 651 2494 librum
660 2459 691 2494 ex
707 2446 798 2496 eodem
808 2443 945 2510 archetypo
957 2445 1099 2495 consuisse

85 2508 208 2560 videatur.
228 2524 255 2558 re
264 2518 379 2561 accurate
387 2525 515 2576 perpensa
525 2512 606 2562 abieci
615 2528 671 2562 eam
681 2515 837 2577 opinionem:
853 2527 955 2564 rasuras
964 2521 1048 2563 tamen
1059 2513 1099 2562 in-

85 2577 142 2625 veni
154 2591 199 2625 cur
211 2578 245 2627 ad
260 2580 368 2644 primam
381 2595 484 2630 manum
498 2580 626 2631 referrem.
649 2583 719 2642 Quae
733 2583 812 2647 igitur
822 2582 848 2631 in
858 2581 907 2631 hoe
918 2583 1047 2632 volumine
1057 2581 1098 2630 bis

85 2645 128 2705 qni
143 2645 321 2697 indicabuntur
337 2649 452 2711 versibus
467 2651 499 2698 ab
517 2649 634 2714 exemplo
649 2651 808 2700 Reimeriano
824 2651 972 2716 discedunt,
993 2665 1025 2702 cx
1041 2651 1099 2714 ipso
1145 2686 1148 2694 .

86 2712 294 2766 Petauianolibro
305 2715 573 2777 correctasnnt:117,
584 2716 633 2778 25,
646 2715 714 2781 228,
727 2715 795 2780 212,
809 2715 874 2776 282,
883 2715 950 2780 335,
963 2715 1042 2777 1122,
1054 2713 1098 2777 27,

85 2775 193 2842 37,43,
208 2779 271 2845 216,
284 2782 350 2845 286,
362 2783 429 2850 398,
442 2784 508 2849 412,
523 2781 591 2850 538,
608 2782 658 2835 572
670 2788 729 2851 nire,
746 2781 897 2850 euterpe,
913 2782 1021 2850 111199,
1036 2781 1098 2849 818,

83 2848 120 2896 IV
132 2847 198 2912 115,
212 2847 277 2916 169,
289 2848 341 2904 877
352 2889 359 2912 ,
371 2849 438 2918 729,
450 2849 511 2905 880.
532 2851 595 2904 Sunt
607 2861 737 2920 praeterea
749 2853 799 2903 alia
810 2853 901 2917 quibus
915 2852 979 2902 olim
991 2854 1098 2918 receptis

83 2929 151 2995 nunc
161 2915 261 2968 demum
271 2919 401 2971 Petaviani
410 2923 546 2972 auotoritas
557 2923 667 2983 accedit,
679 2924 748 2973 velut
759 2923 771 2972 1
781 2919 844 2981 122,
857 2913 923 2986 564,
937 2918 1003 2988 576,
1015 2919 1098 2974 11435

82 2991 108 3032 et
117 2994 285 3046 srqnanotare
295 2989 407 3056 neglexi.
426 2991 571 3040 Proximum
582 2991 673 3042 deinde
686 2990 748 3056 lbit,
764 2999 792 3040 ut
805 2991 991 3056 exploraretur,
1005 2997 1097 3056 quanta

82 3051 185 3101 alterius
196 3053 324 3108 Ursiniani
334 3058 392 3108 libri
406 3067 474 3109 esset
486 3059 623 3110 auctoritas
635 3067 780 3125 comparata
789 3075 847 3110 cum
860 3059 1005 3112 Petaviano.
1028 3061 1057 3110 In
1070 3074 1097 3110 re

84 3120 280 3187 orthographica
289 3125 439 3178 Ursinianus
451 3129 533 3179 codex
545 3129 661 3179 convenit
673 3143 730 3178 cnm
739 3128 926 3194 Hamburgensi
937 3129 1095 3179 Ponticorum

82 3195 105 3236 et
114 3189 241 3270 biarciano
250 3191 502 3262 Metamorphosecn,
516 3198 585 3261 quod
595 3198 755 3262 cognoscitur
764 3199 876 3248 maxime
885 3197 911 3247 in
920 3206 1036 3248 accurate
1046 3213 1097 3247 ser·

80 3264 145 3306 ratis
153 3266 292 3328 tamquam,
303 3281 429 3330 uuquam,
440 3267 540 3332 littera,
551 3267 624 3331 litas,
639 3267 769 3327 sollemne,
785 3269 927 3332 pacemque
933 3303 942 3332 ‚
952 3269 1098 3332 nequiquam

79 3328 220 3388 cernuatus,
233 3334 382 3384 semianimis
391 3342 415 3384 et
426 3335 535 3385 devitato
545 3349 586 3390 uc.
610 3333 677 3384 Haec
687 3335 836 3401 plerumque
844 3334 1008 3402 negliguntur
1015 3338 1042 3384 in
1051 3338 1096 3384 Pe-

80 3396 190 3448 tavieno.
215 3398 243 3448 In
260 3401 414 3464 quibusdam
428 3405 533 3468 propius
543 3403 692 3454 Ursinianus
709 3403 742 3456 ad
751 3404 852 3471 Virgilii
868 3405 970 3455 codices
986 3403 1096 3453 accedit:

80 3460 157 3512 habet
173 3464 327 3530 aliquotiens
342 3471 460 3522 bracchia
474 3471 604 3535 (Potane
622 3487 672 3522 seo.
688 3471 754 3538 ma.)
771 3476 872 3536 optulit,
889 3475 977 3534 pleps,
993 3471 1097 3530 puplica

78 3532 236 3602 moererent,
251 3551 353 3604 semper
360 3541 448 3608 Plias,
464 3540 614 3608 Exquilice,
630 3539 803 3608 Megalensia,
819 3542 919 3592 Atlans.
945 3537 1097 3586 Petavianus
