2524 4004
468 229 524 306 lli,
542 229 720 295 ala-418.

171 387 236 446 lam
252 381 382 444 dederat
396 379 487 440 Saliis
503 397 522 441 a
536 383 615 442 saltu
627 385 754 445 ,nomina
769 385 849 447 dicta

100 479 104 486 ·
146 488 152 503 =
215 470 373 538 Armaque
385 463 472 524 etad
488 471 589 542 certos
603 466 699 526 verba
714 471 986 541 canendamodos.

171 553 247 612 Tum
261 549 307 610 sic
322 547 505 608 Mamuriusa
528 547 659 608 tMcrecs
674 551 748 610 nribi
762 532 859 626 §ionia
874 555 970 629 detur,

102 643 157 699 sco
212 633 404 706 Nominaque
418 638 554 692 extremo
569 632 702 694 carmine
717 641 823 694 nostra
837 643 970 699 sonent?

172 717 247 777 Inde
262 714 444 777 sacerdotes
458 716 543 790 operi
558 716 847 806 promissqvetusto
954 767 956 774 ,

214 799 351 861 Praemia
365 799 555 874 persolvam
568 793 813 882 Mamuriumque
832 813 953 864 vocant.

172 883 293 945 Nubere
307 883 397 958 siqua
410 883 515 957 voles,
539 885 679 958 quamvis
694 886 897 962 properabitis
913 888 1011 963 ambo,

213 965 317 1027 Differ.
345 965 460 1028 habent
472 981 590 1042 parvae
606 971 767 1030 commoda
781 987 892 1046 magna
905 989 1019 1033 morae.

107 1059 161 1116 ³95
175 1053 270 1112 mma
283 1056 407 1110 movent
420 1065 550 1126 pugnas.
577 1067 682 1126 pugna
696 1061 745 1114 est
756 1055 857 1115 aliena
870 1057 995 1116 uraritis.

213 1133 342 1194 Condita
356 1149 425 1194 cum
438 1133 557 1208 luerint,
574 1136 674 1210 aptius
690 1152 780 1196 omen
796 1139 862 1199 erit

173 1217 228 1278 llis
243 1217 333 1278 etiam
349 1219 483 1278 coniunx
498 1218 610 1292 apicati
628 1219 726 1278 cincta
740 1220 836 1280 Dialis

213 1300 348 1363 Lucibus
362 1299 493 1377 inpexas
508 1301 602 1361 debet
614 1301 728 1361 babere
743 1319 858 1363 comas.

392 1435 501 1498 ΗΒ
542 1437 573 1500 3.
593 1437 647 1498 FC
688 1435 719 1500 4.
742 1437 797 1498 GC

171 1553 271 1612 Tertia
285 1567 348 1612 nox
362 1552 504 1640 dimensa
516 1570 592 1615 suos
607 1555 659 1614 ubi
674 1557 803 1616 moverit
818 1559 916 1634 ignes,

101 1642 169 1698 400«
212 1635 356 1696 Conditus
372 1637 534 1712 agerniuis
547 1637 689 1700 Piscibus
704 1640 781 1699 alter
795 1642 860 1701 crit.

71 1776 73 1780 .
173 1719 248 1779 Nam
263 1720 325 1779 duo
340 1726 421 1782 sunt.
449 1721 564 1782 armins
577 1722 626 1781 hic
642 1726 698 1797 e‘st,
714 1725 908 1798 aquilonibus
922 1726 972 1786 ille

216 1801 381 1863 Proximus.
411 1811 537 1865 evento
552 1821 665 1866 noman
674 1813 807 1892 uterque
821 1816 911 1870 tenet.

541 1935 656 2022 auc
736 1943 737 1948 ¹

174 2052 248 2114 Cum
262 2055 379 2116 croceis
395 2070 499 2114 rorare
513 2055 601 2130 genis
616 2055 758 2119 Tithonia
770 2061 904 2120 coniunx

28 2189 30 2194 .
212 2137 353 2213 coeperit
367 2144 397 2198 et
411 2139 534 2214 quintae
548 2145 691 2215 tempora
702 2142 779 2212 lueis
794 2151 872 2217 aget,

104 2226 157 2282 4⁰5
173 2219 247 2282 Sive
262 2228 310 2281 est
323 2222 543 2299 Arctophylax,
566 2223 633 2284 sive
648 2231 696 2286 est
709 2225 797 2300 piger
810 2227 861 2286 ille
873 2227 998 2300 Bootes,

106 2354 109 2359 .
212 2305 367 2381 Mergetur
381 2306 468 2366 uisus
483 2305 670 2384 effugietque
683 2315 765 2370 tuos.

171 2389 212 2450 m
225 2405 287 2450 non
303 2387 641 2464 effugietVindcmitor.
669 2391 735 2452 Hoc
751 2409 874 2468 quoquc
889 2409 1013 2454 causam

210 2473 298 2536 Undc
312 2473 412 2533 trabat
426 2474 523 2547 sidus,
540 2491 637 2550 parva
651 2477 764 2538 docere
778 2493 865 2538 mora
878 2486 935 2537 est.

84 2572 88 2580 ‘
171 2557 322 2632 Ampelon
337 2557 491 2618 intonsum
507 2565 612 2635 satyro
627 2561 826 2636 nymphaque
840 2567 973 2620 creatum
990 2607 995 2618 ,

103 2651 157 2704 410
210 2641 317 2701 Fertur
330 2641 361 2716 in
376 2641 511 2702 Ismariis
524 2643 667 2704 Bacchus
681 2660 803 2704 amasse
817 2645 905 2718 iugis.

171 2723 307 2784 Tradidit
320 2725 391 2784 huic
406 2726 499 2786 vitem
513 2727 698 2803 pendentem
712 2744 730 2786 e
745 2727 905 2788 llondibus
924 2727 1005 2800 utari,

213 2809 296 2883 Quae
311 2825 391 2868 nunc
407 2810 446 2869 de
461 2811 547 2885 pueri
565 2811 687 2871 nomine
702 2827 813 2872 nomen
827 2811 929 2870 habet.

46 2927 72 2944 μ.
170 2892 248 2954 Dum
263 2893 337 2967 legit
349 2893 380 2952 in
395 2909 480 2954 ramo
495 2895 594 2969 pictas
609 2897 788 2955 temerarius
803 2910 890 2967 uvas,

213 2975 343 3038 Decidit.
372 2977 519 3038 amissum
533 2977 623 3038 Liber
636 2979 666 3037 in
682 2987 765 3040 astra
778 2979 853 3039 tulit.

86 3107 117 3171 6.
136 3109 209 3172 aaa
228 3125 403 3172 uocum·
419 3127 902 3198 quassa-ronrrrmaxm·
918 3127 1023 3172 uncr-
1037 3121 1104 3170 asu

104 3235 157 3292 lle
172 3231 286 3290 Sextus
300 3229 353 3291 ubi
369 3245 486 3291 oceano
502 3232 651 3294 clivosum
667 3230 789 3290 scandit
802 3231 962 3307 olympum

80 3385 84 3391 .
209 3311 353 3374 Phoebus
368 3320 399 3374 ct
412 3315 502 3374 alatis
515 3315 641 3375 aethera
655 3315 753 3390 carpit
767 3313 866 3388 equis,

173 3396 318 3474 Quisquis
333 3397 411 3459 ades
425 3405 592 3475 castaeque
607 3399 683 3459 colis
698 3398 866 3474 penetralia
885 3397 1005 3464 Vestae,

215 3479 356 3558 Gratare,
378 3482 479 3543 iliacis
494 3489 622 3559 turaque
635 3497 719 3559 pone
734 3483 822 3542 locis.
