2520 4012
557 213 785 318 saisitum

286 365 371 442 Quae
385 359 498 428 damno
518 367 592 428 nulli
606 365 822 440 composuisse
842 364 906 426 tuit.

243 449 299 510 His
314 465 372 526 ego
388 451 537 526 deceptus
556 467 618 512 non
633 449 730 514 tristia
746 448 881 508 carmina
894 447 970 508 lecit

287 533 350 594 Sed
366 531 463 596 tristis
483 541 607 596 nostros
623 548 724 608 poena
739 539 846 594 secuta
859 531 957 592 iocos.

177 627 229 682 495
243 617 383 692 Denique
402 633 460 678 nec
476 619 567 678 video
588 617 627 676 de
642 622 687 677 tot
707 612 911 679 scribentibus
925 631 1029 690 unum,

287 700 452 776 Quemsua
470 699 638 777 perdiderit
651 697 750 758 Musa.
785 705 926 775 repertus
946 713 1016 774 ego.
1243 681 1244 720 ¹

245 783 339 859 Quid,
360 784 387 846 si
404 784 602 858 scripsissem
621 783 730 843 mimos
746 782 883 844 obscena
902 783 1048 856 iocantes,
1088 829 1089 832 ,
1243 827 1244 860 p

287 866 344 942 Qui
359 881 482 942 semper
495 866 558 927 ficti
576 866 688 928 crimen
709 863 823 926 amoris
837 865 971 926 habent?
1045 919 1052 935 x

244 951 279 1010 In
299 948 412 1026 quibus
428 949 556 1010 assidue
571 951 671 1012 cultus
689 949 828 1024 procedit
848 951 974 1022 adultett,

179 1033 231 1089 500
286 1034 453 1108 Verbaque
473 1034 527 1094 dat
541 1035 633 1096 stulto
651 1033 762 1095 callida
781 1039 876 1129 nupta
892 1033 966 1094 viro

244 1117 363 1180 Nubilis
382 1115 442 1179 hos
462 1118 550 1194 virgo
570 1124 771 1192 matronaque
783 1116 899 1192 virque
913 1133 1052 1192 puerque

289 1199 429 1276 Spectat,
447 1207 531 1261 etex
550 1218 662 1284 magna
677 1207 765 1277 parte
779 1209 906 1262 senatus
921 1202 1020 1262 adest.
1243 1217 1244 1282 t

161 1309 163 1312 ·
244 1283 309 1344 Nec
324 1284 401 1346 satis
416 1283 543 1346 incestis
559 1287 699 1346 temerari
715 1283 844 1346 vocibus
859 1299 967 1345 aures·

266 1369 462 1429 assuescunt
478 1370 558 1429 oculi
572 1371 667 1430 multa
680 1368 827 1444 pudenda
843 1368 922 1443 pati:

180 1455 230 1530 505
246 1447 382 1526 Cumque
398 1452 504 1514 ileellit
518 1469 625 1514 amans
645 1453 748 1527 aliqua
764 1452 899 1514 novitate
913 1451 1061 1528 maritum,
1086 1499 1088 1502 .
1243 1523 1244 1530 ἵ

284 1534 440 1594 Plauditur
456 1543 486 1596 et
503 1552 614 1612 magno
632 1538 732 1613 palma
747 1537 852 1598 lavore
871 1535 968 1596 datur.
1243 1537 1244 1592 l

245 1616 397 1693 Quodque
413 1618 514 1680 minus
529 1621 672 1695 prodest,
683 1621 791 1718 'palma
804 1627 860 1681 est.
885 1621 1009 1680 lucrosa
1025 1627 1145 1699 poetae,
1243 1665 1244 1682 ι

284 1703 442 1776 Tantaque
457 1719 518 1764 non
535 1720 632 1778 parvo
648 1703 775 1764 crimina
790 1708 915 1779 praetor
929 1703 1009 1763 emit.
1243 1699 1244 1730 ³

245 1785 368 1860 Inspice
383 1785 524 1847 ludorum
540 1794 695 1863 sumptus,
712 1787 868 1864 Auguste,
885 1794 1020 1868 ῑιιοιιιιιι·

180 1877 232 1930 sto
284 1867 395 1944 Empta
409 1867 462 1929 tibi
478 1884 589 1945 magno
605 1871 677 1932 talia
690 1871 785 1932 multa
797 1871 894 1946 leges

244 1950 354 2012 Haect
342 1959 378 2012 tu
393 1953 541 2028 spectasti
558 1955 789 2031 spectandaque
805 1970 900 2030 saepe
914 1953 1057 2016 dedisti...

284 2034 433 2096 Maiestas
453 2035 532 2098 adeo
549 2039 645 2100 comis
659 2037 774 2112 ubique
789 2045 934 2101 tuaest..
1243 2033 1244 2112 l

244 2117 487 2194 Luminibusque
502 2121 590 2197 tuis,
600 2128 683 2184 totus
704 2121 816 2196 quibus
836 2123 949 2184 utimur
965 2120 1058 2196 orbis
1243 2113 1244 2200 l

254 2200 415 2262 -Scenica
431 2203 534 2266 vidisti
553 2206 653 2267 lentus
669 2206 825 2270 adulteria.
1243 2205 1244 2220 ³

178 2289 231 2343 515
247 2283 388 2345 Scribere
403 2285 430 2346 si
445 2287 494 2348 ias
508 2294 557 2349 est
575 2289 728 2351 imitantes
743 2291 844 2366 turpia
862 2290 983 2372 mimos,

284 2365 429 2428 Materiae
448 2371 546 2432 minor
560 2380 609 2433 cst
627 2374 730 2434 debita
745 2389 847 2448 poena
861 2389 957 2435 meae

243 2450 291 2510 Αιι
306 2466 405 2525 genus
425 2451 485 2512 lroc
498 2455 603 2533 scripti
624 2457 738 2517 iaciunt
757 2474 815 2518 sua
829 2459 947 2534 pulpita
966 2463 1072 2533 tutum,

284 2533 434 2609 Quodque
449 2535 533 2611 licat,
549 2539 650 2602 mimis
665 2557 762 2602 socna
776 2541 869 2603 licere
884 2541 988 2602 dediti

125 2661 127 2665 ,
232 2615 282 2684 Et
296 2633 365 2678 mea
381 2624 452 2678 sunt
473 2623 587 2696 populo
604 2625 715 2685 saltata
730 2633 875 2701 poemata
890 2639 996 2700 saepe,
1243 2593 1244 2682 l

178 2703 231 2759 52⁰
286 2699 389 2778 Saepe
404 2704 514 2766 oculos
529 2706 620 2767 etiam
638 2707 795 2768 detinuere
812 2715 893 2770 tuos.
1243 2701 1244 2792 l

245 2781 390 2845 Scilicet
383 2802 413 2844 ιιι
429 2787 571 2850 domibus
586 2791 700 2851 vestris
714 2798 747 2852 ut
762 2791 867 2867 prisca
881 2791 1016 2852 virorum
1243 2803 1244 2848 ι

284 2867 404 2928 Artifici
421 2869 537 2943 fulgent
552 2887 686 2947 corpora
700 2874 783 2948 picta
798 2891 899 2950 manu,

244 2947 296 3010 Sic
311 2965 397 3024 quae
408 2951 588 3016 concubitus
604 2957 707 3017 iarios
719 2959 909 3034 senonisque
920 2958 1036 3033 figuras
1243 2973 1244 3020 ι

193 3051 202 3060 ’
282 3031 454 3110 Exprimat,
469 3042 518 3096 est
531 3037 634 3114 aliquo
649 3057 747 3116 parva
761 3041 873 3102 tabella
887 3041 969 3102 loco
1058 3059 1061 3064 ’
1243 3027 1244 3120 i

174 3117 229 3172 555
243 3115 344 3190 thue
359 3116 448 3178 sedat
462 3121 576 3181 vultui
562 3123 668 3187 lassus
682 3125 901 3186 Telamonius
894 3141 978 3200 tram,

284 3199 380 3273 inque
396 3201 525 3263 oculisl
512 3204 632 3268 lacinus
649 3205 781 3269 barbara
794 3215 892 3269 mater
906 3209 1007 3282 habet,

244 3281 296 3342 Sic
310 3283 451 3346 madidos
468 3285 564 3348 siccat
579 3290 680 3365 digitis
694 3291 801 3354 Venus
815 3291 879 3352 uda
894 3292 1033 3368 capillos,

285 3363 323 3425 Et
336 3367 428 3429 modo
446 3373 589 3434 maternis
604 3380 685 3436 tecta
698 3374 819 3434 videtur
833 3375 934 3449 aquis

197 3445 329 3509 Bella
345 3459 455 3513 sonant
470 3453 520 3512 alii
534 3457 603 3516 telis
618 3453 767 3519 instructa
782 3459 926 3532 cruentis,
