2520 4008
458 203 488 276 l,
513 199 547 277 7,
571 199 690 279 18-8,
713 203 764 266 20.
1055 207 1116 274 129

216 349 283 417 'Sed
297 354 353 420 tuit
366 355 398 418 in
413 353 482 415 tatis
496 355 557 416 hoe
573 368 706 431 quoque,
730 357 833 433 eredo,
853 359 939 430 meis.

175 441 239 502 Nee
252 451 395 501 maneum
411 437 545 507 oifloium
559 437 656 500 sensit
670 437 781 504 domus
795 443 890 504 oitore
904 449 1050 506 nostrum.

217 523 284 598 Hie,
305 521 376 597 iiiio,
399 527 503 585 vestro
519 520 575 583 sub
591 521 655 582 lare
669 521 792 600 semper
806 541 912 590 oram.

177 608 325 682 Quaeque
337 611 391 670 tuo
406 611 454 666 est
467 604 576 680 pietas,
599 611 633 666 ut
643 610 673 665 te
687 619 749 666 non
764 609 906 672 excolat
899 625 1007 688 ipsun,

102 749 106 752 .
126 697 163 754 do
219 691 273 751 ius
288 687 415 764 aliquod
430 695 531 750 tecum
545 688 647 750 fratris
662 689 779 754 amiens
793 690 894 756 habet.

177 772 257 848 Quid
272 772 367 850 quod,
388 779 422 836 ut
435 773 568 834 emeritis
585 771 749 836 referenda
763 782 811 836 est
824 777 922 852 gratia
935 791 1065 855 semper,

219 855 271 918 Sie
285 862 335 917 est
347 857 488 918 fortunae
502 856 713 932 promeruisse
726 864 818 926 tuost

178 939 309 1016 Quodsi
324 940 472 1016 permittis
487 939 577 1002 nobis
592 940 732 1016 suadere,
757 943 831 1018 quid
845 951 943 1022 optes,

215 1021 254 1084 ut
268 1023 334 1096 des,
359 1039 452 1105 quam
465 1023 589 1097 reddas,
610 1024 743 1100 ptura...
759 1041 885 1100 precare
900 1029 992 1090 deos!
1192 1099 1212 1110 ,-

125 1107 277 1182 oeldque
284 1069 372 1182 tao'is,
394 1109 688 1185 quantumqueiiost
701 1109 886 1186 meminisse,
907 1113 1064 1175 solebas
1142 1177 1143 1182 ,
1192 1109 1212 1126 “’

202 1183 314 1256 Oiiien
329 1206 456 1254 sarisam
469 1191 608 1268 plumbus
623 1206 695 1252 esse
709 1193 782 1268 pati
1166 1199 1169 1207 '

174 1274 239 1349 Quo
253 1273 349 1338 libet
340 1292 374 1336 ιιι
387 1291 514 1338 numero
530 1291 597 1351 me,
607 1275 794 1350 Messalline,
815 1290 941 1354 repone,

118 1379 121 1382 ·
215 1357 278 1420 Sim
292 1359 386 1426 modo
400 1373 475 1436 pars
489 1367 614 1422 vestrae
627 1373 690 1422 non
705 1361 811 1428 aliena
819 1362 946 1426 domus·

171 1441 210 1502 Ει
222 1443 302 1505 maia
315 1443 479 1517 Nasonem,
503 1445 648 1520 quoniam
661 1443 812 1508 meruisse
825 1445 982 1522 videtur,

122 1532 159 1588 ιο
214 1517 324 1589 Sinon
338 1527 418 1589 ierre
434 1526 531 1604 doles,
556 1534 586 1588 at
600 1527 750 1592 meruisse
765 1529 885 1590 dole.
942 1559 943 1562 ι

115 1705 160 1800 8.
223 1741 418 1805 sevuuo

172 1825 205 1916 Α
224 1861 278 1922 tibi
293 1862 403 1923 diiecto
419 1863 549 1932 missam
559 1863 683 1926 Nasone
698 1864 826 1925 salutem

212 1943 339 2020 Accipe,
360 1962 434 2023 pers
450 1948 569 2008 animae
583 1962 703 2023 magna,
724 1945 848 2021 Severe,
869 1960 965 2006 meae

171 2025 256 2088 Neve
268 2043 353 2106 roga,
375 2030 450 2105 quid
464 2046 563 2107 egam
593 2030 621 2092 si
634 2047 805 2106 persequar
820 2029 931 2102 omnia,
955 2021 1055 2090 flebis
1101 2061 1103 2064 ·

214 2110 341 2176 Summe
353 2116 428 2178 setis
443 2115 540 2178 nostri
555 2114 581 2175 si
595 2113 649 2176 tibi
664 2121 738 2176 nota
751 2113 915 2174 mali-1

142 2193 312 2261 evivimus
326 2197 462 2260 assiduis
478 2203 621 2275 expertes
636 2198 723 2274 paois
740 2199 771 2259 in
785 2196 904 2274 ermis„

213 2279 295 2340 Dura
310 2281 485 2360 pharetrato
499 2282 582 2344 betia
594 2289 737 2344 movente
752 2283 845 2346 Geta,
901 2301 902 2305 ¹

170 2361 279 2439 Deque
292 2370 337 2426 tot
350 2365 489 2441 expulsis
505 2383 573 2428 sum
587 2367 674 2430 miles
689 2367 719 2428 in
735 2367 827 2428 exule
841 2365 944 2440 soius=

189 2455 193 2463 ·
212 2445 297 2522 Tuta,
321 2465 423 2526 neque
438 2450 571 2525 invideo,
594 2457 696 2512 cetera
710 2449 799 2516 turba
817 2449 898 2510 latet.

162 2528 300 2605 'Quoque
314 2533 412 2608 magis
426 2541 551 2596 nostros
567 2534 657 2602 venia
672 2534 798 2610 dignere
812 2533 942 2605 libellos,

126 2619 164 2674 10
216 2613 300 2674 Haeo
315 2616 346 2676 ιιι
358 2617 521 2692 proeiuotu
536 2618 670 2679 earinina
685 2617 765 2678 iacta
779 2617 875 2690 leges.

172 2693 238 2758 Stat
251 2705 339 2760 vetus
354 2700 439 2776 urbs,
459 2703 545 2778 ripae
561 2701 662 2762 vicina
673 2699 838 2762 binominis
853 2697 956 2773 Histri,

211 2779 373 2844 Moenibus
389 2791 419 2845 et
433 2787 538 2862 positu
551 2785 605 2845 vix
619 2784 762 2847 adeundo
775 2783 845 2843 looi.

81 2879 86 2884 ·
171 2863 301 2940 Caspios
316 2867 461 2946 Aegistts
484 2866 573 2930 dese
588 2869 615 2929 si
630 2865 805 2928 eredimus
798 2867 885 2943 1psis,

212 2945 363 3028 condidit,
388 2959 418 3012 et
431 2953 557 3028 proprio
573 2952 695 3014 nomine
711 2951 787 3012 dixit
801 2966 890 3026 opus

124 3037 160 3091 15
172 3027 258 3093 Hane
271 3033 366 3120 ierus,
387 3035 551 3114 Odrysiis
543 3037 670 3113 inopino
685 3041 780 3095 morte
795 3033 971 3112 peremptis,

212 3105 309 3194 cepit,
331 3119 407 3182 etin
421 3135 527 3196 regem
541 3120 663 3191 sustulit
678 3135 763 3180 orma
778 3117 878 3180 Getes.

167 3198 221 3260 ilie
234 3215 354 3264 memor
366 3204 468 3300 magni
483 3205 614 3279 generis,
637 3204 748 3266 virtute
765 3202 850 3279 quod
864 3209 963 3278 auget,

208 3281 374 3348 Protinus
366 3303 525 3349 innumero
540 3288 634 3352 milite
649 3288 767 3350 oinotus
782 3285 880 3346 adest.

165 3364 229 3428 Neo
244 3369 330 3446 prins
346 3369 508 3448 abscessit,
531 3373 638 3437 merita
653 3387 745 3448 quam
760 3370 858 3432 oaede
870 3372 1035 3441 noeentum
