2520 4008
132 216 195 285 124
402 169 420 176 ”
524 211 583 272 ux
610 207 760 270 rouro

198 363 202 368 ’
258 367 321 430 Sed
335 381 398 428 non
411 365 446 426 fit
460 363 521 425 iate
535 363 658 443 mollior
668 362 721 423 iile
735 374 824 422 meosv
841 403 843 407 -
885 410 888 421 ,
921 360 924 362 ’
941 364 943 366 ’

87 462 88 465 ’
165 462 206 516 w15
220 453 294 515 Cum
309 451 423 526 relego,
445 447 612 524 scripsisse
626 445 730 524 pudet.
763 445 836 519 quia
851 443 982 520 piurima
996 457 1091 513 cerno

257 536 307 595 Me
323 547 456 610 quoque,
479 532 533 608 qui
546 531 615 605 ieci,
638 529 740 592 iudice
752 527 849 604 digna
862 527 925 588 lini.

213 621 276 682 Nec
291 625 392 678 tamen
408 617 549 679 emendo.
581 614 669 676 labor
681 612 732 674 hio
747 627 839 688 quam
852 609 992 674 seribere
1003 613 1115 676 maior.

255 702 406 777 Mensque
420 702 483 778 pati
496 699 608 762 darum
623 698 754 759 sustinet
767 708 862 772 aegra
874 694 959 778 nihii.
995 717 998 721 ·
1028 736 1032 742 »

216 785 339 859 Scilicet
352 785 496 861 incipiam
510 783 582 842 lima
596 781 773 842 mordacius
786 781 839 855 uti,
879 811 881 814 ·

172 882 207 936 Ἃ)
257 871 295 930 Et
310 869 368 930 sub
381 867 527 928 iudicium
543 865 664 940 singtda
676 863 772 928 verba
786 869 918 924 vocetur

213 953 348 1028 Torquet
363 951 443 1012 enim
458 951 579 1010 furiana
593 961 708 1024 parum,
730 947 790 1008 nisi
804 947 914 1007 Lissus
928 945 959 1008 in
972 947 1108 1028 Hebrum

258 1034 406 1108 Confluat,
431 1042 460 1093 et
474 1033 601 1094 frondes
614 1031 747 1110 Alpibus
762 1031 856 1092 adrisi
869 1030 974 1092 Athon
998 1074 1003 1086 ,

187 1192 189 1197 ,
213 1119 402 1180 Parcendum
417 1125 465 1180 est
479 1117 580 1178 anima
594 1110 768 1177 miserabile
781 1115 893 1176 adnue
907 1113 1040 1177 habenti.

93 1261 98 1276 ,
258 1203 437 1264 Subducunt
452 1201 536 1261 oneri
551 1201 631 1260 coila
644 1207 769 1276 pennata
782 1199 891 1268 boves.
948 1211 950 1214 ’

172 1296 206 1349 25
218 1289 266 1361 At,
289 1293 371 1361 puto,
394 1287 511 1346 fructus
526 1283 623 1359 adest,
644 1283 811 1344 iustissima
824 1296 921 1342 causa
934 1279 1083 1357 laborum,

254 1369 292 1428 Et
307 1375 373 1429 sata
388 1385 457 1430 cum
472 1370 565 1427 muito
581 1369 687 1427 fenora
701 1365 803 1429 reddit
816 1371 912 1441 ageri
1157 1441 1159 1446 Δ

214 1453 347 1528 Tempus
363 1453 403 1512 ad
417 1452 477 1511 hoo
491 1451 589 1526 nobis,
603 1458 737 1527 repetas
751 1451 822 1510 licet
836 1449 945 1523 omnia,
967 1444 1079 1506 nussun
1157 1451 1160 1498 ἑ

253 1535 376 1610 Profuit,
399 1542 493 1610 atque
505 1535 620 1596 utinam
634 1549 696 1596 non
711 1534 883 1594 nocuisset!
907 1547 996 1609 opus.
1157 1546 1160 1560 ’

218 1620 276 1680 cur
292 1619 383 1694 igitur
398 1617 538 1692 scribam,
553 1614 695 1678 mirarisi
716 1617 810 1678 miror
824 1623 854 1676 et
868 1617 945 1699 ipse,

173 1710 209 1765 30
260 1703 297 1763 Et
310 1708 412 1762 tecum
427 1715 542 1776 quaero
561 1715 665 1777 saepe,
688 1701 762 1780 quid
777 1700 849 1760 inde
863 1707 974 1775 petam.

215 1789 263 1844 An
280 1787 415 1860 populus
429 1799 503 1844 vere
517 1799 612 1847 senos
626 1792 718 1859 negat
731 1797 802 1844 esse
817 1789 949 1858 poetas?

131 1909 132 1912 ,
258 1867 394 1943 Sumque
408 1867 487 1928 fides
502 1867 594 1928 huius
606 1868 740 1928 maxima
753 1867 842 1927 vocis
857 1873 939 1942 ego?

109 1963 112 1969 ·
216 1951 281 2025 Qui,
302 1951 396 2010 sterili
410 1951 523 2012 totiens
537 1965 606 2011 eum
621 1949 679 2009 sim
693 1949 842 2026 deeeptus
858 1949 896 2010 ab
912 1962 996 2026 arvo,

153 2035 155 2040 '
257 2033 412 2094 Damnosa
426 2040 533 2110 persto
548 2033 683 2094 condere
697 2045 803 2094 senten
817 2033 919 2094 omno.

173 2122 206 2178 35
219 2117 343 2180 Scilicet
357 2124 405 2178 est
423 2117 554 2202 cupidus
569 2117 739 2178 studiorum
754 2117 887 2192 quisque
902 2131 1036 2192 suorum,
1060 2195 1063 2198 ,

193 2261 196 2266 .
257 2202 390 2276 Tempus
406 2207 436 2260 et
450 2201 580 2262 adsueta
593 2215 710 2277 ponere
724 2201 756 2260 in
771 2207 835 2261 arte
850 2201 943 2261 iuvat.

216 2281 346 2344 Saucius
360 2284 457 2343 eiurat
470 2299 605 2364 pugnam
619 2283 784 2358 gladiator,
801 2290 831 2344 ei
843 2281 926 2346 idem

257 2366 408 2426 Inmemor
422 2367 538 2441 antiqui
553 2367 688 2427 vulneris
704 2381 788 2426 arma
803 2365 894 2443 cepit.

214 2447 259 2507 Nil
276 2446 333 2506 sibi
349 2463 419 2510 cum
434 2448 535 2524 pelagi
550 2448 623 2509 dicit
637 2449 705 2512 iore
717 2449 885 2525 ncuuagus
900 2447 999 2524 undis,

172 2541 207 2592 40
255 2529 293 2589 Et
307 2529 390 2590 ducit
402 2545 516 2606 remos,
538 2547 600 2607 qua
614 2531 706 2594 modo
722 2533 806 2594 navit
819 2546 908 2608 aqua.
945 2566 947 2574 ι

218 2611 269 2672 Sic
284 2628 343 2688 ogo
361 2620 537 2675 constanter
551 2615 683 2676 studium
697 2629 759 2676 non
774 2615 849 2676 utiie
861 2627 963 2690 servo,

256 2695 423 2772 Etrepeto,
442 2697 554 2760 nollem
570 2715 648 2774 ques
663 2701 806 2772 coluisse,
830 2699 916 2761 deas.

217 2779 295 2854 Quid
310 2781 412 2856 potius
427 2781 559 2842 iactam?
576 2797 638 2843 non
653 2797 730 2858 sum,
754 2782 806 2858 qui
822 2782 930 2858 segnia
947 2780 1061 2842 docum

18 2897 19 2918 1
258 2862 333 2922 Otia.
364 2879 448 2924 mors
463 2865 554 2925 nobis
567 2873 687 2941 tempus
701 2865 832 2928 habetur
844 2866 940 2926 iners.

18 2961 19 3012 1
139 2953 198 3020 ‚45
212 2945 275 3006 Nec
290 2947 374 3008 iuvat
388 2947 419 3005 in
434 2946 533 3008 lucem
548 2949 642 3010 nimio
655 2949 950 3014 marcomanorum:
1043 2965 1046 2968 ·

18 3023 19 3044 ’
253 3028 316 3086 Nec
332 3034 413 3089 tenet
427 3029 559 3092 incertas
575 3033 644 3095 aiae
656 3032 770 3092 hianda
786 3047 905 3092 manua.

152 3153 154 3156 -
214 3109 289 3170 Cium
305 3111 445 3173 dedimus
461 3128 571 3176 somno
587 3131 665 3191 qaas
679 3129 794 3191 corpus
811 3115 947 3191 posutlat
960 3113 1065 3187 horas,

256 3192 321 3266 Quo
338 3208 450 3268 ponam
464 3197 595 3272 vigilans
609 3205 749 3276 tempora
762 3201 856 3274 ionga
869 3195 988 3258 modo?
1107 3251 1110 3256 .
1193 3229 1196 3236 ·

212 3275 308 3336 Moris
324 3292 362 3335 an
378 3277 488 3340 obiitus
503 3282 592 3356 patrii
606 3283 792 3344 contendere
807 3281 926 3342 discam

169 3367 206 3419 50
258 3357 443 3422 Sarmaticos
459 3377 557 3438 arcus,
579 3371 609 3425 et
622 3363 726 3425 trahar
739 3373 803 3426 erte
817 3365 900 3426 ionii
955 3373 956 3379 ’
999 3371 1002 3374 ·

215 3439 282 3499 Hoc
297 3456 423 3518 quoque
437 3459 487 3506 me
501 3447 634 3508 studium
648 3447 811 3523 prohibent
825 3448 990 3508 adsumere
1008 3443 1126 3506 virosa,
