2520 4008
491 245 547 330 ru,
570 246 599 322 a,
623 247 739 314 o-sr.

76 435 77 438 =
168 467 171 470 ,
225 403 310 479 Quos
328 397 577 476 proemavobis
591 401 715 465 ultimus
730 403 814 464 orbis
828 395 930 466 hebet.
1052 473 1053 479 .

136 493 173 552 ta
184 488 240 552 Est
252 489 341 548 loous
356 483 388 544 in
405 481 563 560 scythim..
575 481 694 544 Tauros
710 485 816 548 dixere
830 488 982 563 priores...

136 638 138 642 ,
231 569 288 647 Qui
303 567 410 629 Getica
425 567 518 642 longe
531 579 595 626 non
609 566 652 628 ita
667 565 877 632 distethumo.
966 609 973 632 ,-

187 655 253 716 Hao
268 667 327 728 ego
342 667 411 714 sum
425 657 537 711 terra...
552 649 670 725 patriae
685 665 742 711 neo
756 650 921 728 paenitet...
937 660 1038 718 ortusr

230 739 411 800 consortem
423 731 540 797 Phoebi
554 748 630 810 gens
649 735 722 796 oolit
738 735 791 796 illa
804 735 903 798 dearn.

187 821 312 898 Tempta
325 825 449 882 manent
462 817 556 880 hodie
569 817 666 880 vestis
681 819 787 880 innixa
801 817 962 895 columnis,

18 931 20 936 ,
136 912 172 968 50
226 904 344 981 Perque
360 902 581 980 quaterdenos
595 901 699 964 iturin
715 903 767 963 iila
781 903 905 979 gradem.

182 987 277 1050 Fama
290 988 383 1050 refert
399 987 460 1048 illio
477 986 598 1061 signum
613 986 746 1048 caeleste
761 986 874 1050 fuisse:

225 1072 354 1148 Quoque
368 1070 469 1133 minus
485 1068 617 1144 dubites,
640 1075 701 1132 stat
714 1069 800 1132 basis
816 1071 892 1134 orba
906 1071 980 1134 dean

181 1156 317 1232 Araque,
339 1169 418 1231 quaa
431 1154 530 1217 iuerat
543 1158 652 1214 natura
667 1153 800 1216 omrdida
816 1155 893 1230 sexi,

222 1241 356 1302 Decolor
369 1239 482 1302 adinso
496 1237 591 1298 tincta
604 1251 714 1298 eruore
728 1237 827 1300 rubet.

137 1333 172 1386 55
183 1321 310 1386 'Femina
325 1337 415 1386 saera
433 1319 506 1383 iacit
519 1320 629 1382 taedae
643 1335 706 1382 non
720 1327 793 1384 nota
807 1321 908 1397 iugari,

97 1415 102 1422 '
226 1407 312 1482 Quae
326 1411 452 1483 superat
466 1403 630 1482 Scythicas
644 1403 801 1466 nohiiitare
815 1421 921 1471 nurus.

186 1489 324 1554 Sacrifioi
337 1506 435 1567 genus
450 1495 528 1564 est..
547 1489 593 1548 sie
607 1488 931 1566 instituere-priores...

226 1575 357 1637 Aduena
373 1573 512 1650 uirgineo
527 1587 638 1635 caesus
653 1579 688 1636 ui
701 1587 777 1636 ense
791 1573 891 1636 eadat.

184 1659 292 1734 Regna
305 1657 428 1720 Thoans
445 1655 552 1720 habuit
565 1657 719 1720 Maeotide
735 1658 838 1720 olams
852 1657 885 1722 in
900 1672 955 1719 om

134 1743 169 1800 do
223 1743 287 1804 Neo
302 1742 357 1803 init
369 1737 498 1823 Euxinis
514 1741 615 1804 notior
628 1741 703 1804 aiter
717 1741 818 1821 aquis,

186 1824 315 1902 Sceptra
328 1832 450 1888 tenente
464 1825 517 1886 illo
533 1825 666 1902 liquidas
684 1825 799 1888 ieeisse
812 1839 869 1902 per
882 1839 973 1888 anuas

169 1921 174 1923 ·
224 1909 336 1973 Nesoio
353 1924 445 1986 quam
460 1908 566 1971 dieunt
578 1909 757 1987 Iphigenian
770 1909 838 1974 iter.

185 1993 281 2068 Quam
294 1992 414 2056 levibus
428 1994 529 2055 ventis
545 1993 602 2054 suh
619 1993 701 2056 nube
714 2009 772 2072 per
787 1996 859 2054 a'era
872 2000 993 2056 vertam

227 2077 365 2143 Creditm
378 2077 428 2139 his
441 2076 565 2139 Phoebe
581 2078 766 2155 deposuisse
780 2077 869 2140 iocis.
925 2139 927 2142 ,

133 2173 168 2230 ot
182 2159 360 2224 Praeiuorat
373 2163 489 2238 tempto
504 2163 617 2224 multos
632 2161 671 2223 ea
684 2163 741 2224 rite
755 2177 813 2238 per
828 2175 935 2238 annos,

224 2245 324 2308 Invita
337 2261 491 2323 peragens
504 2245 603 2308 tristia
617 2261 706 2308 saera
719 2259 827 2308 manua

183 2327 258 2391 Cum
272 2329 334 2391 duo
349 2329 478 2391 velifera
491 2331 619 2394 iuvenes
634 2345 748 2393 venere
763 2329 875 2403 carina,

222 2411 465 2491 presseruntque
481 2431 537 2477 suo
553 2414 643 2477 litora
655 2421 763 2478 nostra
776 2413 869 2491 pede.
961 2460 964 2468 .

181 2495 239 2556 Par
252 2497 308 2558 mit
322 2497 371 2558 his
380 2504 472 2560 aetas
487 2505 518 2560 et
531 2513 632 2562 amor.
655 2513 789 2575 quorum
805 2498 882 2559 aiter
897 2494 1033 2574 Orestes,

127 2584 164 2642 io
217 2581 304 2641 Alter
317 2588 383 2642 erat
398 2581 543 2660 Pylades.
577 2583 703 2645 nomina
717 2583 798 2644 ieme
811 2585 904 2662 tenet.

178 2661 319 2744 Protinus
335 2665 469 2730 inmitem
484 2665 603 2728 iiiviae
618 2668 770 2729 ducuntur
785 2663 827 2725 ad
844 2679 937 2742 mam,

217 2745 337 2810 Evinoti
352 2749 491 2826 geminas
508 2751 548 2812 ad
563 2767 621 2814 sua
635 2753 723 2826 terga
734 2763 853 2810 manus.

173 2828 299 2906 Spargit
313 2845 397 2910 aqua
414 2842 524 2910 captos
538 2834 657 2897 lustrali
673 2833 765 2896 Graia
779 2831 937 2907 sacerdos,

216 2912 340 2978 Ambiet
353 2923 388 2979 ut
401 2919 502 2981 fulvas
518 2918 614 2980 insula
627 2918 722 2996 longa
736 2933 851 2981 eomes.

125 2999 162 3060 is
176 2995 319 3076 Dumque
333 3008 423 3078 paret
438 3018 569 3079 sacrum,
592 3003 666 3065 dum
680 3003 763 3064 velet
775 3007 916 3077 tempora
934 3001 1024 3076 vittis

118 3139 120 3142 .
216 3081 297 3146 Dum
310 3084 420 3147 tardae
436 3099 548 3149 oeusas
567 3085 683 3149 inuenit
696 3085 767 3163 ipsa
780 3099 894 3158 morae,

177 3164 269 3227 “Non
285 3183 343 3246 ego
359 3169 504 3246 erudelis,
521 3171 661 3233 iuvenes.
679 3167 877 3246 ignosciter’
892 3168 969 3230 dixit

185 3293 189 3296 -
217 3249 341 3315 “Serra
354 3270 412 3316 suo
428 3254 508 3317 isoio
525 3253 706 3316 barbariora
720 3254 805 3316 loeo:

174 3331 263 3396 Ritus
277 3337 305 3398 is
321 3344 369 3400 est
383 3337 492 3414 gentis.
524 3338 591 3414 Qua
603 3354 662 3400 vos
676 3345 778 3400 tamen
791 3336 869 3400 urbe
883 3333 1015 3396 venitis?

127 3417 167 3476 80
223 3417 330 3492 Quove
343 3438 453 3500 parum
465 3422 569 3486 fausta
581 3439 687 3500 puppe
701 3421 821 3499 petistis
836 3421 943 3484 itert”

159 3499 281 3648 ,BitiiltiI
301 3504 449 3570 etaudito
465 3506 582 3585 patriae
599 3507 653 3584 pia
664 3507 788 3570 nomine
802 3505 890 3580 virgo
970 3549 972 3553 .

130 3596 215 3646 ovru.
282 3631 290 3648 .
873 3595 907 3648 11
