2524 4004
387 208 391 218 '
510 240 538 316 1,
561 229 746 303 ιιι-ιιι..
925 327 929 338 .
1070 239 1133 308 ιιι

197 392 230 456 in
249 391 349 468 pretio
366 391 497 466 pretium
513 404 596 454 nunc
611 381 670 452 est
697 392 750 454 dat
765 405 877 454 census
891 376 1038 467 honores,

239 477 359 538 Census
375 475 532 535 amicitias.
561 475 809 552 pauperumque
825 476 912 537 iacet.
991 518 994 526 ,

197 563 242 624 Τιι
255 568 357 620 tamen
372 559 544 634 auspicium
559 558 586 619 si
601 558 641 618 sit
654 558 742 644 stipis
757 560 843 634 utiie,
862 562 993 638 quaeris,

7 717 10 724 ,
66 655 68 658 ’
134 655 208 714 ιιι)
244 645 364 718 curque
377 643 482 702 iuvent
496 647 618 704 vestras
633 655 706 702 aera
718 648 838 704 vetusta
853 651 984 706 manust

196 731 279 790 Aera
294 725 408 788 dabant
420 725 502 786 olim
527 725 638 786 melius
651 739 734 792 nunc
750 723 840 787 cm'cn
855 727 893 786 in
901 741 975 790 aruc
991 736 1046 805 est,

224 811 391 886 Victaque
406 809 561 872 concessit
571 809 676 886 prisca
689 819 813 872 moneta
826 825 936 871 nouae.

197 896 260 956 Nes
274 909 400 971 quaque
409 893 648 970 tampiaiuvam,
664 896 805 970 quamvis
817 893 941 970 antiqua
949 896 1128 984 probemus,

240 981 351 1040 Aurea.
379 978 477 1038 maies
475 985 524 1038 tas
475 976 683 1038 tccnvenit
696 979 755 1040 ista
769 980 839 1041 dec.

133 1069 183 1127 aab
191 1062 370 1123 Laudamus
382 1068 522 1138 veteres,
537 1060 595 1124 sed
608 1061 723 1124 nostris
735 1064 846 1124 utimur
860 1064 963 1124 annis

240 1145 309 1206 tuos
324 1153 426 1206 tamen
440 1152 488 1207 est
502 1157 602 1221 aeque
615 1145 727 1221 dignus
742 1153 870 1224 uterque
886 1148 968 1208 coti

198 1229 330 1293 Finierat
342 1230 486 1292 monitus
514 1228 647 1291 Placidis
660 1231 704 1290 ita
717 1245 841 1303 rursus,
857 1237 890 1290 ut
904 1237 985 1305 aute,

89 1319 92 1324 ’
242 1311 431 1390 clavigerum
444 1313 549 1376 verbis
564 1306 737 1387 adthuer
730 1327 800 1390 ipse
813 1315 920 1374 deuant

112 1397 114 1402 ’
199 1397 304 1458 ‘Multa
321 1397 445 1474 quidem
460 1397 564 1459 didici.
591 1397 649 1458 sed
663 1409 721 1458 cur
732 1395 875 1459 navalis
867 1413 898 1456 m
913 1413 984 1458 acre

135 1499 187 1554 230
241 1483 348 1542 Altera
359 1483 479 1558 signata
493 1487 556 1554 est,
572 1477 668 1542 atera
681 1477 779 1544 torma
791 1483 900 1558 biceps
906 1486 934 1542 ι’

200 1565 350 1627 ‘Nascere
361 1581 415 1626 me*
426 1566 543 1642 duplici
557 1579 670 1641 posses
685 1573 720 1626 ut
732 1567 893 1642 imagine‚’
908 1565 984 1632 dixit

241 1649 289 1713 ‘Ni
303 1657 395 1711 vetus
408 1651 478 1726 tpsa
495 1651 563 1710 dies
578 1645 880 1728 extenuassetzapus.
1066 1709 1067 1714 ,

87 1800 92 1806 ,
199 1735 299 1795 Causa
312 1735 386 1796 ratis
402 1741 559 1810 superesa
587 1733 719 1794 Tuscum
733 1731 799 1796 rate
808 1733 900 1803 'venit-
907 1729 1074 1796 inbmnem

93 1879 99 1890 ,
177 1831 179 1836 ’
202 1818 204 1823 ’
239 1812 321 1880 'Ante
335 1812 494 1894 pererrata
508 1815 628 1878 faiciier
642 1819 718 1880 erbe
731 1819 821 1880 detra

134 1911 185 1966 ιιι
200 1901 265 1962 Hac
281 1917 338 1978 ego
354 1901 519 1967 Saturnum
533 1902 655 1980 memini
671 1899 956 1980 tetiunereceptum.

171 1992 173 1999 '
242 1985 404 2048 Caelitibus
418 1981 523 2062 regnis
538 2001 557 2048 a
571 1987 645 2048 Ioue
659 1988 770 2062 pulsus
785 1994 859 2047 erat.
968 2062 971 2069 Ι

124 2084 128 2092 ·
164 2080 166 2084 ·
198 2070 340 2132 Inde-diu
354 2071 436 2146 genti
451 2068 563 2131 mansit
576 2069 721 2132 Saturnia
734 2084 862 2132 nomem

240 2155 328 2216 Dicta
342 2170 468 2236 quoque
482 2160 530 2216 est
542 2155 661 2216 Latium
674 2162 765 2231 terra,
779 2152 891 2216 latente
906 2155 975 2216 deo.

198 2239 239 2298 At
251 2239 334 2299 bona
347 2239 511 2316 posteritas
526 2239 662 2316 puppem
677 2239 818 2299 formavit
832 2238 862 2298 in
874 2255 957 2313 aere,

133 2338 186 2392 ιω
242 2322 380 2400 Hospitis
393 2323 562 2401 adventum
575 2320 738 2384 testificata
751 2323 811 2390 dei.

200 2409 273 2483 lpse
289 2408 389 2469 solum
404 2409 501 2483 colui,
516 2409 606 2468 cuius
620 2407 830 2484 placidissima
843 2407 964 2468 laevum

242 2491 334 2552 Radit
347 2492 470 2553 arenosi
483 2491 649 2570 Thybridis
662 2491 747 2552 unda
761 2493 850 2550 latus.
896 2533 899 2540 ·

200 2574 271 2646 Hic,
287 2575 340 2635 ubi
354 2591 435 2637 nunc
449 2576 548 2637 Rama
563 2583 624 2651 est,
639 2575 791 2642 incaedua
805 2573 883 2634 silva
895 2573 1022 2646 virebat,

240 2659 397 2736 Tantaque
409 2675 462 2720 res
477 2662 585 2737 paucis
598 2673 716 2737 pascam
729 2657 828 2719 bubus
844 2664 917 2718 erat.
991 2696 993 2701 ι

117 2778 119 2787 2
134 2742 184 2809 aab
200 2744 266 2802 Arx
280 2757 350 2802 mee
366 2743 455 2805 coitis
470 2751 535 2805 erat
541 2759 657 2826 ,quern
672 2741 781 2804 cultrix
794 2741 917 2802 nomine
931 2747 1036 2800 nostae

242 2811 403 2904 Nuneupat
417 2827 503 2888 haec
501 2835 611 2902 aetas,
626 2823 854 2902 Ianiculumque
869 2831 969 2884 vocat.

198 2906 302 2970 Tunc
296 2923 354 2986 eso
369 2911 552 2987 regnabam,
569 2911 689 2990 patiens
703 2925 776 2970 cum
785 2917 868 2969 terra
883 2909 1009 2996 deorum

239 2995 345 3070 Esset,
365 3003 400 3056 et
409 2996 549 3057 humanis
563 2999 689 3058 numina
700 2991 800 3054 mixta-
804 2993 895 3054 iocis.
989 3045 991 3049 .

198 3077 339 3140 Nondum
352 3076 509 3142 Iustitiam
517 3079 636 3146 facinus
650 3079 782 3148 mortale
789 3079 937 3153 iugarat:

132 3173 187 3226 250
242 3161 355 3227 Ultima
369 3164 410 3224 de
424 3165 546 3240 superis
555 3159 615 3226 ilia
624 3163 747 3238 reliquit
762 3162 897 3230 humum.
947 3207 948 3215 ,
992 3163 999 3216 “.

197 3245 320 3323 Proque
334 3256 415 3309 metu
431 3245 578 3326 poputum
594 3245 662 3310 sine
678 3249 708 3307 vi
720 3245 826 3322 pudor
839 3243 1058 3321 ipae-regebat.

240 3331 347 3394 Nullus
360 3340 427 3394 erat
440 3331 531 3394 iustis
542 3331 674 3394 reddere
688 3333 756 3391 iura
768 3329 865 3390 laban
940 3380 942 3384 ι
957 3379 960 3384 .
1056 3353 1059 3358 ¹

158 3462 162 3468 ,
196 3411 244 3477 Nil
258 3416 331 3477 mini
346 3433 415 3480 cum
429 3417 521 3478 betta.
530 3464 533 3468 „
551 3431 660 3494 pacem
674 3421 845 3492 postesque
853 3414 967 3475 tuebar
973 3415 995 3468 ι’
1035 3461 1041 3468 .

238 3499 278 3561 Et
292 3499 409 3565 clavem
424 3501 590 3564 ostendens
606 3501 713 3562 ‘Haec’
730 3500 883 3561 ait'tanna·
895 3499 993 3572 gara!
1115 3570 1117 3574 Ι
