2520 4008
457 168 499 284 u,
522 207 698 286 1,-oa-r,
720 211 771 275 oo.

133 375 177 432 so
226 363 291 428 Sed
304 377 367 424 uon
381 375 439 439 per
452 363 593 440 placidas
607 364 631 426 it
642 379 713 426 meo
725 369 840 448 puppis
856 383 965 448 aquas.

183 451 261 513 Tute
274 451 383 526 petant
396 445 457 508 atii.
487 444 623 510 Fortuna
636 448 807 512 miserrima
821 457 885 515 tuta
900 461 962 517 este

140 539 176 598 et
227 532 303 595 Nom
316 529 408 593 timor
421 535 550 592 eventus
565 529 726 594 deterioris
741 531 840 596 abest,

140 624 176 680 aa
189 617 245 692 Quri
258 615 377 692 rapitur
391 618 553 689 spumante
566 613 645 690 soie,
669 629 728 678 sua
740 613 868 680 brachie
882 619 963 681 cauti
1009 651 1011 654 ·

224 697 364 775 rumpit,
387 701 418 758 et
432 695 540 772 spinas
554 695 695 775 duraque
709 715 788 762 saxa
802 701 894 776 capit.

183 783 373 860 accipitrem
385 786 527 843 metuens
541 781 653 858 pennis
666 781 889 860 trepidantibus
905 786 970 847 aies

109 893 113 900 ·
224 866 327 930 Audet
341 863 382 926 ad
396 863 549 926 humanos
564 865 651 927 iesse
664 867 771 928 venire
786 869 884 931 sinus.

183 949 247 1012 Neo
261 965 296 1011 se
310 948 413 1011 vicino
427 946 545 1010 dubitat
557 949 747 1011 committere
760 957 852 1028 teoto,

28 1037 31 1042 '
142 1043 178 1100 to
229 1033 312 1112 Quae
327 1032 405 1108 sugit
417 1030 549 1094 infestos
562 1033 666 1094 territa
680 1044 773 1095 cerva
787 1047 890 1100 canes.

184 1118 240 1193 Da,
262 1131 383 1194 precor,
404 1129 567 1180 accessum
582 1115 726 1192 lacrimis,
748 1117 916 1195 mitissime,
938 1117 1065 1181 nostrisa

225 1200 288 1262 Nec
301 1198 434 1276 rigidam
446 1197 563 1260 timidis
576 1199 706 1262 vocibus
722 1199 804 1262 obde
816 1202 929 1263 foretne

185 1283 351 1360 Verbaque
364 1288 471 1344 nostra
485 1283 595 1346 favens
609 1281 749 1345 Romana
763 1283 804 1346 ad
819 1287 944 1347 numina
956 1285 1068 1363 perier,

98 1375 118 1410 o
227 1367 294 1430 Non
309 1366 363 1430 tibi
376 1364 507 1443 Tarpeio
523 1367 604 1429 culta
617 1366 753 1430 Tonante
768 1368 878 1432 minus.
969 1363 972 1369 ’

143 1461 178 1517 tt
188 1451 386 1526 Mandotique
399 1449 460 1511 mei
474 1453 595 1526 regatus
609 1452 735 1529 suscipe
750 1465 890 1515 oausam=

175 1596 177 1602 ,
227 1536 316 1597 Nulla
328 1549 398 1596 meo
414 1534 555 1610 quanvis
570 1535 694 1597 nomine
708 1535 899 1598 causabere
913 1541 971 1596 est.

185 1620 249 1680 Iam
264 1618 547 1695 propedepositos,
570 1625 653 1680 certe
667 1620 727 1680 iam
742 1619 871 1696 frigidus
886 1633 986 1694 aeger,

228 1702 375 1784 Servatus
389 1715 447 1778 per
460 1709 500 1778 te,
521 1703 549 1763 si
561 1703 658 1766 modo
672 1717 790 1776 servor,
812 1717 878 1764 ero.

187 1785 274 1849 Nunc
286 1793 340 1848 tua
353 1795 411 1862 pro
427 1785 520 1848 iussis
535 1786 647 1848 anatur
661 1787 761 1862 grata
772 1785 877 1860 rebus,
901 1787 904 1793 '

142 1879 180 1933 do
229 1868 378 1947 Principis
393 1870 508 1930 aeterni
523 1885 614 1946 quun
627 1869 681 1931 tibi
695 1875 832 1946 praestat
846 1881 941 1930 amor.

186 1953 273 2015 Nunc
286 1951 340 2014 tibi
354 1959 385 2014 et
398 1953 512 2028 eiuquii
527 1953 608 2016 nitor
620 1953 671 2016 iiie
685 1953 873 2017 domesticus
888 1951 978 2028 adsit,
1018 1959 1020 1964 '

230 2037 296 2112 Quo
312 2042 439 2113 poteras
452 2037 582 2113 trepidis
595 2037 678 2101 utitis
693 2053 766 2100 esse
779 2037 852 2100 reis.

188 2120 271 2180 Vivit
285 2121 365 2182 enim
379 2120 514 2182 invehis
530 2121 654 2183 facundi
668 2122 773 2200 lingua
786 2119 932 2196 parentis,

229 2203 267 2265 Et
280 2219 332 2266 res
344 2203 491 2266 heredem
505 2206 643 2282 repperit
655 2205 708 2266 iiia
721 2219 820 2266 suum.

73 2301 76 2308 '
142 2287 278 2355 oaHauc
292 2301 360 2364 ego,
382 2303 445 2349 non
459 2296 494 2350 ut
506 2303 557 2350 me
570 2289 738 2352 defendere
751 2289 886 2366 temptet,
907 2284 1020 2348 adoroe

230 2372 298 2432 Non
316 2379 364 2433 est
378 2371 514 2434 confessi
529 2387 626 2435 causa
638 2371 753 2435 tuenda
765 2372 821 2433 rei.
910 2406 916 2410 -

187 2455 266 2516 Num
280 2463 382 2516 tauron
396 2469 529 2518 excuses
544 2455 657 2518 erroris
671 2455 791 2534 origine
805 2455 927 2528 samon,

229 2540 280 2600 An
294 2539 369 2600 nihil
382 2538 530 2616 expediat
543 2541 604 2602 iaie
616 2553 752 2614 monere,
773 2538 856 2599 vide.

188 2621 336 2684 Vulneris
351 2621 384 2684 id
397 2631 496 2700 mneos
511 2630 567 2700 est,
589 2622 675 2700 quod
689 2637 759 2684 cum
773 2618 912 2682 sanabile
924 2632 987 2680 non
1006 2619 1055 2696 sit,

143 2714 181 2770 tie
231 2705 298 2769 Nou
314 2707 496 2769 contrectari
509 2708 602 2770 tutius
618 2719 690 2768 esee
704 2711 789 2782 puto.

186 2788 313 2865 Lingua,
334 2789 403 2852 sile.
435 2798 561 2853 nonest
575 2791 655 2852 ultra
668 2785 821 2850 narrabile
836 2784 1009 2860 quicquam.

227 2870 325 2934 Posse
338 2873 432 2935 veiim
446 2875 566 2936 cineres
581 2873 713 2935 obruere
726 2872 795 2949 ipse
808 2883 906 2931 meos.
939 2919 941 2924 .

189 2953 353 3032 sicigitur,
376 2957 467 3034 quasi
480 2973 530 3019 me
547 2958 648 3020 nudus
664 2955 821 3032 deceperit
835 2965 930 3027 error,
961 3005 964 3008 .

229 3037 335 3101 Verba
351 3039 429 3120 iace,
450 3048 484 3103 ut
496 3042 568 3118 vita,
589 3055 682 3116 quam
696 3038 782 3101 dedit
795 3038 874 3115 ipse,
897 3037 991 3096 fruar.

27 3149 29 3170 ι
145 3122 328 3200 tecumque
342 3136 472 3186 serenus
485 3125 552 3200 erit,
574 3124 741 3200 vultusque
754 3119 905 3183 remiserit
917 3118 997 3194 illos,

28 3211 30 3220 ’
226 3205 405 3280 Quiseoum
418 3207 905 3284 terrosimperiomquemovente

187 3288 337 3366 Exiguam
349 3301 391 3354 ue
404 3303 454 3352 me
468 3291 615 3368 praedam
630 3291 710 3353 sinat
722 3305 795 3351 esse
810 3287 960 3360 Getarum,

227 3373 348 3452 Detque
361 3373 462 3437 solum
474 3374 608 3437 miserae
621 3375 701 3449 mite,
723 3381 860 3451 precare,
879 3371 980 3445 rugae.

187 3457 322 3528 Tempus
338 3457 429 3522 adest
441 3457 550 3536 aptum
559 3459 713 3535 precibus.
743 3455 826 3518 vaiet
839 3456 909 3532 ipse
921 3450 1068 3524 videtque
