2454 4004
441 251 518 320 riV.
540 247 719 315 477-55n
1036 251 1099 316 283

97 415 152 470 616
169 404 290 467 Restitit
303 412 333 464 et
347 406 459 479 senior,
479 402 618 478 quamvis
633 419 713 467 onus
729 410 838 478 urget.
850 410 880 466 et
895 411 962 467 orat

208 487 301 550 Tecta
315 505 390 550 snae
404 488 514 550 subeat
529 488 807 563 quantulacumque
822 502 924 548 cesae.

167 573 223 633 Illa
236 579 336 648 negat.
365 572 522 633 simularet
535 587 636 643 anum,
653 571 803 646 mitraque
818 570 947 644 capillos

207 655 373 718 Presserat
402 655 527 717 instanti
541 655 613 715 talia
628 655 710 717 diota
723 656 831 714 relerts

168 739 302 817 ‘Sospes
317 756 387 816 eas,
407 754 592 816 semperque
607 745 735 814 parenst
756 737 829 798 milri
844 737 907 808 iilia¹
919 744 1008 813 rapta
1022 744 1077 798 est.

94 833 153 888 660
209 825 291 886 Heu!
307 823 414 886 melior
428 831 541 899 quanto
557 838 627 882 sors
641 831 694 886 tua
708 829 791 884 sorte
805 837 875 884 mea
889 826 962 894 est',
980 846 982 850 ·

167 907 264 982 Dixit,
285 914 329 981 et,
346 915 380 969 ut
398 908 572 968 luorirnae..
587 923 689 982 neque
704 908 783 968 enim
798 905 957 966 lacrimare
971 906 1097 966 deorum

370 1010 375 1022 .
480 1003 482 1006 ’
643 1015 645 1024 ¹
813 996 892 1050 est...

183 1128 186 1136 .
207 1072 327 1154 Decidit
339 1073 372 1134 in
386 1073 510 1150 tepidos
525 1074 629 1134 lueida
643 1080 729 1149 gutta
742 1073 839 1135 sinus.
931 1115 935 1126 ·

167 1153 255 1216 Fient
267 1156 381 1231 pariter
393 1159 502 1216 molles
517 1157 626 1217 animis
643 1158 795 1234 virgoque
809 1172 981 1233 senexque:

209 1239 234 1298 E
249 1238 360 1316 quibus
375 1241 452 1310 haee
466 1239 538 1300 iusti
553 1241 651 1300 verbe
663 1241 750 1300 luere
765 1240 865 1300 senis=

93 1333 152 1390 525
166 1322 313 1397 ε81661111,
329 1339 421 1400 quam
434 1330 553 1402 raptant
569 1323 716 1397 quereris,
738 1324 779 1384 sit
792 1323 856 1384 filio
869 1337 992 1404 sospes,

207 1406 314 1482 Surge,
325 1413 389 1468 'neo
403 1407 533 1483 exiguae
548 1407 675 1482 despire
689 1413 769 1467 reeta
783 1411 898 1468 ousae?
1141 1480 1144 1486 Ι

167 1491 220 1554 Gai
235 1491 294 1552 dea
308 1491 414 1553 ‘linet’
429 1493 535 1566 inquit.
565 1492 681 1564 scisti,
705 1507 767 1567 qua
782 1506 893 1566 eogere
908 1495 1033 1567 posses’
1072 1527 1076 1532 -

33 1583 74 1644 ᾖ
142 1621 145 1629 i
208 1573 312 1650 Seque
325 1576 408 1637 levat
422 1592 509 1652 sexo,
533 1575 794 1651 subsequiturque
809 1583 947 1635 senem

166 1659 243 1732 Dan¹
250 1659 352 1720 comiti
366 1666 482 1736 narrat,
505 1675 597 1734 quam
613 1661 652 1718 sit
666 1659 725 1719 sibi
738 1659 820 1720 lilius
837 1672 939 1733 aeger,
1010 1689 1012 1692 ·

92 1742 155 1810 eso'
186 1821 188 1826 Δ
207 1742 268 1804 Neo
283 1743 384 1819 capiat
397 1753 525 1806 somnos
539 1743 736 1820 invigiletque
753 1743 851 1803 malis.

165 1827 221 1888 Illo
237 1829 455 1911 soporiferum,
476 1843 592 1904 perros
607 1827 718 1888 initura
733 1834 870 1905 penates,

208 1910 327 1986 Colligit
339 1909 456 1986 'agresti
469 1905 542 1971 lene'
553 1927 691 1988 papaver
705 1911 808 1974 humo.

163 1997 245 2057 Dum
259 1996 345 2070 legit,
369 1995 463 2057 oblito
478 1997 574 2056 lertur
586 2003 729 2071 gustasse
744 1997 856 2070 palato,
979 2071 981 2077 k

207 2081 406 2155 Longumque
420 2080 600 2156 imprudens
616 2079 790 2140 exsoluisse
805 2081 925 2160 famem.

94 2173 147 2229 666
164 2163 250 2240 Quae
264 2163 337 2239 quin
350 2163 500 2241 principio
515 2162 746 2248 posuit-ieiunia
759 2164 868 2236 noetis,

163 2267 166 2274 ·
204 2247 338 2324 Tempus
352 2248 466 2310 hebent
479 2256 600 2326 mystae
615 2249 719 2308 sidera
733 2247 803 2310 viss
817 2246 887 2307 oibi.

161 2332 269 2391 Limen
284 2339 316 2392 ut
327 2331 465 2406 intravit,
486 2331 585 2394 lnet'us
600 2333 685 2392 videt
698 2333 801 2393 omnia
814 2333 915 2406 plena

205 2415 269 2475 Iam
284 2427 358 2490 spes
372 2415 404 2476 in
418 2414 516 2492 puero
531 2418 614 2476 nulla
628 2416 735 2476 salutis
751 2423 825 2474 erat.

162 2499 261 2560 Matre
274 2500 433 2560 salutata..
448 2506 545 2560 mater
556 2499 705 2560 Metanira
719 2505 878 2558 voontur...

96 2595 149 2650 540
202 2585 333 2657 iungere
347 2582 471 2658 dignata
486 2589 534 2643 est
548 2599 585 2643 os
602 2583 718 2658 puerile
733 2597 800 2642 suo.

162 2667 265 2728 Pallor
278 2667 356 2739 abit,
375 2666 556 2742 subitasque
570 2667 676 2727 vident
690 2665 721 2724 in
736 2681 870 2742 corpore
881 2665 974 2724 vires.

207 2745 321 2811 Tantus
336 2751 462 2812 caelesti
476 2749 561 2810 venit
574 2751 615 2811 eb
629 2763 684 2812 ore
697 2750 795 2824 vigor.

163 2835 240 2895 Tota
254 2835 364 2895 domus
377 2835 459 2896 laeta
472 2842 529 2896 est.
557 2835 618 2894 hoo
632 2841 689 2908 est,
704 2839 863 2909 materque
876 2837 1025 2906 paterque

205 2917 355 2994 Nataque.
383 2925 446 2980 tres
460 2919 503 2979 illi
517 2925 581 2980 tota
595 2918 681 2978 luere
695 2918 816 2978 domas.

100 3011 151 3068 ote
165 3003 240 3062 Mox
254 3002 362 3078 epulas
378 3010 508 3078 ponunt,
532 3002 697 3078 liqueinets
712 3001 842 3076 coagula
855 3001 934 3059 laete
1003 3029 1005 3034 ·

203 3085 359 3162 Pomaque
373 3094 404 3146 et
417 3085 448 3146 in
461 3087 540 3147 aeris
553 3101 648 3152 aures
662 3085 754 3148 mella
768 3085 844 3146 suis.

134 3204 138 3231 l
167 3170 309 3232 Abstinet
324 3171 405 3231 almo
419 3170 527 3245 ceres,
549 3171 719 3244 somnique
727 3183 886 3247 papavera
900 3181 1013 3229 causes

205 3252 265 3318 ¹liat
278 3253 335 3313 tihi
349 3270 418 3315 oum
431 3253 536 3336 tepido
551 3254 629 3314 laete
642 3252 786 3326 bibenda,
810 3267 896 3328 puer.

167 3331 270 3398 Nestis
285 3345 352 3398 erut
366 3337 514 3410 medium,
537 3337 712 3413 placidique
727 3337 850 3396 silentia
861 3335 976 3396 somni:

101 3429 161 3482 666·
207 3419 423 3496 Triptolemum
437 3417 690 3496 gremiosnstulit
704 3421 756 3479 illa
770 3436 837 3493 suo,
969 3465 972 3475 .

167 3503 288 3582 Terque
295 3493 392 3566 innan
406 3505 567 3581 permulsit
579 3519 659 3580 eum,
680 3504 738 3565 trie
752 3503 886 3564 camnine
899 3497 984 3574 dixit,
