2520 4012
135 225 176 288 11
235 273 239 281 ,
291 206 295 209 ’
454 196 455 200 '
522 217 750 283 rnisriuiu

165 412 167 416 -
240 377 277 436 Et
292 376 363 436 dete
379 372 539 447 naufragio
555 373 645 432 litore
663 379 725 432 tutu
741 387 820 433 mec.
1114 437 1116 440 ,

198 461 381 520 1111111111
400 457 486 517 falso·
499 457 622 516 nimium
637 457 802 532 trepidate,
819 455 968 530 timentes,
1024 453 1026 458 ’

239 543 304 602 Hac
321 539 495 604 offendatur
513 554 553 599 ne
569 542 681 614 pietate
701 540 788 598 deus.

200 626 410 700 Saepelidem
427 624 568 684 adversis
587 625 677 682 etiam
691 623 828 684 laudavit
846 623 877 682 in
897 621 998 695 armis,

150 719 186 776 41
241 711 338 786 Inque
356 709 421 769 suis
438 713 519 767 amat
533 707 613 766 banc
632 705 759 780 Caesar,
778 708 810 767 in
825 707 915 768 hoste
930 703 1040 780 prebat

201 795 301 856 Causa
318 807 387 854 mee
405 797 453 851 est
466 790 587 862 melior,
609 789 736 863 quinon
757 790 987 851 contramutavi

242 879 352 948 Arma,
372 875 429 934 sed
441 873 521 932 hene
539 873 636 932 merui
658 870 849 948 simplicitate
862 874 979 950 lugam.

199 960 343 1034 invigiles
358 956 448 1032 igilur
465 955 579 1016 nostris
595 971 652 1030 pre
669 955 808 1032 casibus,
826 971 891 1032 cro,
943 973 944 976 ¹
1025 963 1027 965 ’

109 1097 112 1104 .
184 1109 187 1116 ,
241 1041 372 1102 Dimiuui
392 1041 483 1116 siqua
501 1038 633 1101 numinis
649 1041 694 1099 ira
708 1047 821 1116 potest.
840 1037 841 1040 ’

32 1181 34 1185 ,
151 1136 187 1190 41
201 1126 287 1188 Scire
306 1139 393 1186 meos
413 1139 505 1186 cesus
525 1123 623 1198 siquis
639 1123 795 1184 desiderat
811 1139 927 1198 omnes,

241 1208 328 1283 Plus,
351 1225 442 1284 quam
458 1208 543 1284 qued
559 1205 625 1266 lieri
641 1223 692 1267 res
709 1208 796 1284 sinit,
816 1209 867 1268 ille
883 1207 966 1282 petit.

103 1291 105 1296 ’
200 1293 256 1354 Tol
275 1293 355 1352 mala
374 1308 442 1353 sum
456 1305 586 1367 passae,
605 1297 680 1365 quot
699 1291 731 1350 in
750 1291 872 1364 aethere
889 1291 992 1350 sidera
1006 1291 1115 1361 lucent,

242 1375 402 1450 Parvaque
420 1382 494 1450 quot
513 1373 1008 1451 11111111111111111111111

153 1487 156 1492 ¹
200 1460 356 1535 Multaque
371 1459 507 1520 credibili
525 1458 650 1518 tulimus
664 1460 796 1533 maiora,
817 1465 985 1534 ratamque,

151 1552 186 1606 50
242 1543 385 1617 Quamvis
405 1542 585 1615 acciderint,
606 1557 667 1602 non
688 1543 829 1604 habitura
842 1541 944 1603 fidem.

199 1625 275 1686 Pars
296 1626 386 1686 eliam
406 1625 558 1701 quaedam
568 1635 693 1686 'mecum
711 1628 857 1688 meriatur
876 1631 1004 1701 oportet,

241 1709 353 1784 Meque
372 1708 464 1768 velim
478 1710 580 1784 possit
596 1709 810 1771 dissimulante
821 1711 892 1786 tegi.

202 1793 235 1853 Si
256 1809 316 1854 vox
330 1793 493 1868 infragilis
515 1799 621 1877 peetus
638 1793 711 1854 mihi
730 1793 847 1854 firmius
867 1803 963 1866 aere,r

241 1875 394 1951 Pluraque
411 1891 487 1938 cum
499 1876 609 1951 linguis
624 1876 764 1952 pluribus
785 1893 839 1937 ora
856 1879 968 1939 forent:

70 1963 73 1966 '
153 1969 186 2022 tt
199 1959 266 2022 Non
283 1964 383 2020 lamen
399 1960 513 2021 ideirco
534 1962 752 2035 complecterer
771 1961 872 2021 emnia
887 1960 998 2032 verbis,
1089 1971 1090 1977 ¹

242 2035 369 2104 Materia
384 2045 471 2118 uires*
484 2050 693 2119 exsuperante
708 2060 803 2104 meas.

203 2125 260 2186 Pro
283 2126 363 2187 duee
375 2127 488 2188 Neritia
509 2128 592 2189 docti
611 2129 693 2189 mala
707 2137 819 2188 nestra·
828 2135 941 2202 poetae

246 2208 388 2270 Scribite=
410 2211 524 2274 Neritio
546 2225 616 2272 uam
635 2213 716 2272 mala
734 2214 820 2286 plura
838 2212 903 2272 tuli.

202 2293 257 2352 llle
272 2293 358 2353 brevi
375 2295 475 2369 spatio
496 2295 597 2356 multis
613 2295 726 2356 erravit
740 2297 880 2356 mannis

152 2385 189 2440 60
243 2377 324 2437 Inter
337 2376 493 2454 Dulichias
507 2379 681 2453 Iliacasque
699 2379 825 2441 domus:
860 2405 861 2412 1

202 2460 266 2520 Nos
286 2461 364 2520 lreta
379 2461 532 2523 sideribus
551 2463 623 2522 tulis
639 2463 784 2524 distantia
802 2477 927 2524 mensus
1025 2491 1026 2496 1

239 2544 352 2604 Detulit
366 2545 396 2603 in
415 2544 536 2606 Geticos
554 2546 702 2606 Caesaris
714 2548 761 2606 ira
778 2547 875 2608 sinus.

196 2628 256 2688 ¹llle
276 2627 380 2688 habuit
398 2627 555 2704 fidamque
574 2646 698 2690 manum
714 2631 883 2706 sociusque
901 2629 1024 2690 fideles=

153 2737 155 2740 ·
243 2709 292 2770 Me
306 2713 470 2786 profugum
485 2713 612 2773 comites
633 2714 801 2775 deseruere
818 2714 887 2774 mei.
919 2759 920 2764 η

153 2802 186 2857 65
201 2795 254 2855 llle
270 2811 357 2854 suam
371 2797 470 2856 laetus
490 2796 619 2872 patriam
634 2795 794 2872 victorque
813 2797 949 2872 petebat:

243 2875 272 2936 A
290 2879 391 2951 patria
410 2879 494 2952 fugio
514 2880 612 2938 victus
627 2886 657 2940 et
672 2882 743 2941 exul
763 2895 832 2956 ege.

202 2960 264 3020 Nee
279 2959 352 3020 mihi
364 2961 539 3023 ¹Dulichium
554 2963 664 3024 domus
681 2971 730 3026 est
745 2964 888 3025 llhaeeve
908 2961 1080 3036 Samene...

244 3043 348 3104 Poena
363 3042 474 3118 quibus
494 3058 556 3106 uun
573 3052 621 3105 est
635 3047 761 3121 grandis
777 3047 890 3108 abesse
908 3045 1017 3106 loeis...
1067 3111 1070 3114 ,

202 3127 265 3188 Sed
281 3141 361 3202 quae
380 3127 553 3202 deseptem
571 3135 667 3189 totum
683 3131 892 3207 circumspicit
906 3128 1012 3192 orbem
1037 3143 1041 3148 ·
1117 3137 1118 3140 ’

154 3217 188 3274 70
243 3207 416 3284 Montibus,
435 3212 554 3285 imperii
567 3212 666 3272 Roma
681 3215 835 3289 deumque
848 3216 947 3278 locus.

202 3295 248 3354 llli
266 3309 381 3368 eorpus
394 3301 460 3354 erut
476 3294 586 3356 durum
605 3297 789 3372 patiensque
804 3301 960 3359 laborumz

244 3375 401 3436 invalidae
421 3377 502 3454 vires
517 3378 731 3454 ingenuaeque
750 3381 833 3440 mihi.

201 3459 256 3520 Ille
279 3465 343 3521 erat
361 3461 488 3522 assidue
504 3464 607 3524 saevis
628 3463 758 3538 agitatus
779 3462 939 3526 inermies

1143 1535 1148 1566 l
