2520 4008
150 205 212 310 ste
362 223 411 306 ,’
549 233 777 301 uxrcuuc

173 455 174 458 ,
273 395 312 456 m
327 393 411 470 quod
424 393 507 456 iners
522 389 614 470 ilani
634 386 824 450 continuatur
842 375 963 449 trienne*

230 481 287 540 llic
302 494 351 538 me
369 484 558 554 pugnantem
572 489 640 540 eum
657 473 771 546 frigore
787 485 918 546 cumque
935 471 1054 547 sagittis

274 563 410 638 Cumque
426 576 496 622 maa
516 561 579 622 latu
601 563 711 633 quarta
726 553 832 628 fatigat
848 554 957 617 lienis.

230 645 305 706 Fine
321 651 426 705 carent
439 644 599 716 lacrimae,
619 639 679 708 nisi
695 653 764 703 cum
780 645 888 714 stupor
903 639 1018 702 obstitit
1033 641 1114 702 illisa

109 783 112 788 .
182 739 218 795 ec
272 729 310 795 lit
325 729 433 790 similis
447 727 537 790 morti
550 730 679 805 pectora
690 728 797 798 tcrpur
814 721 915 800 habet

230 812 365 874 Felicem
378 811 512 884 Nioben,
529 808 670 886 quamvis
689 813 734 868 tut
750 806 859 870 lunera
872 808 957 884 uidit,

276 897 359 970 Quae
374 895 481 972 posuit
500 909 642 968 sensnm,
657 905 754 958 saxee
768 891 862 964 lacta,
883 893 968 954 mali!
1063 965 1065 969 v

230 982 300 1041 Vos
315 995 439 1055 quoque
455 977 578 1052 felices,
596 992 725 1052 quarum
739 975 902 1039 clamantia
916 976 1037 1039 tratrem

80 1140 84 1148 ,
275 1063 393 1124 Cortice
409 1063 525 1124 uelauit
538 1063 672 1138 populus
686 1075 742 1127 ora
756 1075 849 1128 nove,-
913 1129 915 1133 ,
1059 1109 1062 1112 -

179 1157 214 1212 55
228 1149 282 1208 llic
299 1163 357 1225 ego
379 1163 461 1223 sum,
482 1148 597 1223 lignum
612 1147 664 1222 qui
683 1147 746 1209 ncn
763 1143 903 1208 admittar
922 1143 953 1206 in
969 1143 1079 1207 ullum:

273 1232 327 1292 Illc
343 1247 402 1307 ego
419 1247 502 1306 suun,
523 1232 636 1296 trustra
649 1230 702 1306 qui
719 1230 799 1305 lapis
814 1243 888 1292 asse
899 1227 1010 1302 uelim

230 1319 304 1391 lpsa
318 1315 450 1378 Medusa
466 1317 564 1378 oculis
585 1314 686 1376 veniat
700 1314 771 1377 lieet
787 1312 879 1378 obvia
897 1312 1021 1384 nostris,

275 1399 399 1474 Amiitet
413 1400 496 1474 vires
513 1401 583 1476 ipsa
599 1399 728 1459 Medusa
745 1415 829 1458 suas.

232 1483 388 1560 VivimuS,
405 1492 439 1545 ut
456 1499 622 1560 numquam
638 1498 733 1542 sensu
748 1497 906 1542 careamus
920 1495 1033 1556 amaro,

179 1577 214 1632 40
269 1567 306 1628 m
321 1568 444 1642 gravior
458 1569 551 1644 longa
566 1568 600 1628 fit
618 1582 688 1627 mea
701 1581 804 1642 poena
822 1581 917 1628 mora.
998 1617 1002 1626 .

232 1651 283 1712 Sic
298 1653 545 1728 inconsumptum
558 1651 638 1729 Tityi
659 1665 843 1728 semperque
861 1664 1028 1711 renascens

272 1735 339 1794 Non
358 1737 451 1810 parit,
466 1744 500 1801 ut
517 1735 618 1812 possit
632 1749 728 1809 saepe
742 1735 861 1809 perire,
876 1733 968 1796 iecur.

228 1819 270 1880 At
284 1825 372 1892 putu,
390 1835 459 1884 eum
472 1821 595 1896 requies
611 1817 824 1894 medicinaque
841 1817 965 1898 publica
978 1832 1072 1878 curae

274 1901 407 1964 Somnus
423 1903 525 1978 adest,
543 1903 640 1965 solitis
660 1919 723 1964 nox
739 1901 820 1965 uenit
834 1900 910 1964 orba
923 1901 1020 1964 malis.
1058 1957 1069 1968 ,

180 1993 214 2048 45
230 1985 356 2048 Somnia
370 2001 419 2048 me
434 1993 546 2052 terrent
561 2002 652 2049 veros
669 1987 815 2048 imitantia
835 2001 937 2060 casus,

271 2069 310 2130 Et
322 2069 449 2144 vigilant
463 2087 575 2136 sensus
588 2072 620 2132 in
635 2087 704 2132 mea
718 2071 831 2141 damna
847 2071 915 2130 nrei.

229 2155 291 2214 Aut
306 2169 364 2228 ego
381 2153 565 2226 Sarmaticas
580 2155 689 2219 videor
702 2155 800 2216 vitare
818 2154 955 2231 sagittae,

271 2239 332 2297 Aut
351 2237 425 2298 dare
440 2238 579 2314 captivas
594 2239 637 2299 ad,
650 2239 716 2299 lena
732 2238 833 2298 vincla
847 2253 965 2298 manus,

228 2320 289 2381 Aut
302 2321 353 2380 ubi
371 2321 510 2396 decipior
523 2323 658 2386 mellaris
673 2323 806 2398 imagine
820 2323 928 2395 sumni,

178 2412 215 2464 5ο
270 2405 399 2477 Aspicic
415 2406 532 2479 patriae
548 2413 629 2467 tecta
642 2407 748 2473 relicta
767 2421 863 2466 meae.
934 2475 935 2478 Ἴ

227 2484 264 2544 Et
279 2487 371 2550 rnodo
387 2487 566 2562 vobiscum,
583 2505 661 2565 quos
682 2497 946 2561 surrrveneratuS,
961 2489 1059 2563 antici,

268 2569 305 2628 Et
324 2571 418 2631 modo
439 2589 508 2651 curn
528 2587 600 2633 cara
619 2574 748 2650 coniuge
764 2575 857 2636 multa
871 2574 991 2648 loquor.

228 2652 278 2712 Sic
297 2653 349 2714 ubi
365 2663 511 2731 percepta
529 2664 577 2718 est
592 2656 695 2718 brevis
711 2665 741 2718 et
754 2674 817 2720 nou
831 2673 905 2720 vera
920 2657 1073 2731 voluptas,

266 2736 356 2801 Peior
369 2740 407 2800 ab
423 2739 583 2804 admonitu
599 2741 633 2804 fit
649 2748 745 2804 status
762 2743 821 2802 iste
836 2741 919 2802 boni.

177 2827 211 2880 55
227 2819 301 2880 Sive
315 2822 382 2888 dies
402 2824 491 2898 igitur
506 2831 598 2900 caput
619 2830 677 2888 nuc
691 2826 866 2886 miserabile
881 2825 984 2898 cernit,

269 2904 342 2964 Sive
357 2908 496 2980 pruinosi
514 2907 618 2969 Noctis
636 2917 767 2985 aguntur
786 2911 869 2985 equi,

226 2984 276 3045 Sic
295 3003 363 3047 rnea
383 2990 538 3065 perpetuis
552 2992 713 3068 liquefiunt
723 3001 849 3070 pectora
863 2994 953 3066 curis,
990 2993 992 2996 ’

270 3069 396 3142 Ignibus
410 3073 552 3142 admotis,
563 3083 596 3136 ut
609 3093 692 3138 naua
706 3093 778 3138 cera
796 3078 885 3140 solat.

226 3151 328 3227 Saepe
342 3169 452 3229 precor
467 3164 604 3234 mortem,
621 3167 749 3224 mortem
765 3177 891 3238 quoque
902 3159 1054 3234 deprecor
1066 3157 1160 3234 idern,

171 3243 207 3299 60
264 3235 308 3294 Ne
322 3253 391 3300 rnea
406 3239 606 3308 Sannaticuur
625 3251 767 3321 contegat
784 3261 862 3308 ossa
874 3247 984 3308 solum.

223 3318 298 3378 cnm
312 3322 406 3397 subit,
426 3326 557 3399 Augusti
578 3344 657 3403 quae
673 3330 712 3390 sit
727 3329 902 3403 dunanda,
919 3326 1012 3388 credo
1049 3323 1061 3398 f

266 3402 370 3464 Mollia
385 3408 551 3482 naufragiis
566 3410 656 3492 litora
670 3428 769 3487 passe
781 3413 858 3474 dari.
935 3460 939 3474 „

115 3535 118 3542 .
224 3483 298 3545 Cum
314 3487 421 3562 videa,
438 3507 530 3564 quarn
545 3495 605 3555 sint
618 3509 690 3558 ntea
702 3496 764 3557 lata
777 3497 912 3572 tenacia,
928 3495 1069 3568 frangore
