2520 4008
77 276 79 282 s
142 187 186 254 et
284 217 287 222 -
467 148 468 152 ‘
539 187 767 262 rutsriuu

213 401 216 404 .
265 347 353 408 Nulla
366 343 423 405 luit
437 339 549 424 misero
565 344 645 404 testa
659 341 793 418 videnda
806 340 892 424 milri?
916 369 917 374 κ
1036 413 1037 416 ¹

225 429 330 502 Edidit
340 429 419 490 haee
433 441 536 488 moras
552 425 762 490 illishoroisin
776 439 906 502 aequos,

269 513 360 590 Queis
376 511 558 576 cratEiition
571 510 748 584 Icariusque
762 515 898 585 palea·
985 566 988 570 ,
1050 586 1052 588 ¹

184 609 219 664 45
231 599 306 660 Nata
320 595 467 674 pudicitia
481 601 537 671 cst,
559 609 663 654 moros
677 592 878 670 probitasque
892 593 1049 672 fidesqnaa

266 682 306 744 At
320 697 383 741 non
397 687 469 743 sunt
482 680 542 740 ista
554 677 667 752 gaudia
681 683 752 737 nata
767 677 827 751 die,
945 711 947 716 ,

228 765 291 828 Sed
305 765 393 826 labor
407 772 437 826 et
451 778 541 823 curae
555 762 739 836 tonumque
752 761 890 824 monibus
905 764 1012 842 impar,

183 855 187 858 ’
266 851 412 925 iustaque
427 847 467 908 de
482 847 574 906 viduo
590 859 690 919 paene
705 846 844 922 querella
855 853 934 910 toro.

228 933 352 995 Scilicet
366 931 508 992 adversis
522 928 659 1006 probitas
675 929 811 990 exercita
821 931 918 992 rebus

173 1025 223 1083 ,50
269 1015 359 1078 Tristi
373 1015 530 1074 materiam
544 1019 683 1088 tenpore
696 1013 797 1074 laudis
811 1014 914 1077 habet.

227 1100 260 1161 Si
276 1099 469 1174 attitulasti
485 1099 579 1160 durus
594 1095 725 1157 vidisset
737 1097 854 1174 Ulixes,
926 1103 930 1109 '

266 1183 421 1259 Penelopa
436 1183 520 1257 iclix,
538 1181 596 1242 scd
610 1181 680 1241 sine
693 1181 786 1262 laude
800 1183 890 1244 iuret,
941 1185 943 1189 ’

226 1268 333 1328 Victor
346 1267 511 1327 Echionim
526 1266 554 1325 si
566 1265 616 1324 vir
629 1271 824 1340 penetrasset
836 1266 869 1327 in
884 1283 980 1344 alces,

267 1351 406 1412 Forsitan
417 1351 565 1414 Euadnen
580 1348 633 1408 vix
647 1363 704 1410 sua
718 1349 828 1412 nosset
840 1351 960 1414 humus.

185 1443 222 1500 55
231 1435 306 1497 dum
320 1435 402 1495 Pelia
417 1435 537 1510 gentitus
551 1439 596 1493 tot
608 1432 681 1508 sint,
703 1448 758 1494 our
771 1435 883 1496 nobilis
897 1451 960 1498 una
974 1441 1043 1498 esti

268 1520 384 1596 Nempe
399 1519 455 1580 iul
467 1519 580 1578 misero
595 1524 691 1594 nupta
704 1518 789 1592 quod
803 1535 865 1581 una
878 1520 955 1582 viro.
1014 1581 1016 1586 .

227 1603 332 1680 Effice,
353 1609 386 1663 ut
396 1602 508 1664 viliacus
523 1608 626 1676 tangat
640 1602 727 1676 prior
740 1603 816 1662 alter
828 1619 948 1680 ananau,

267 1686 435 1748 Laodamia
446 1685 523 1747 nihil
537 1701 592 1745 eur
605 1685 755 1746 raiaratur
770 1687 835 1748 erit.

226 1769 338 1845 Ettua,
362 1771 447 1846 quod
460 1771 589 1844 mallem,
610 1768 985 1848 pietas'ignotamanerat,

184 1865 220 1922 60
271 1853 572 1930 implerentuantisi
586 1855 810 1916 naavonsud.

226 1937 379 1998 liitomea
394 1945 424 1998 et
438 1937 551 2000 Caesar
566 1936 614 1996 dis
628 1952 802 2014 aoomsura,
821 1941 882 2004 sod
895 1939 988 2015 olim,
1036 1955 1039 1957 ·

267 2022 439 2098 Aequorum
449 2021 556 2099 Pylios
572 2034 640 2080 cum
654 2026 706 2080 tua
720 2023 873 2098 fetadius,
929 2045 931 2049 ’
1033 2049 1036 2058 ·

225 2104 294 2168 Non
306 2105 388 2182 milti,
412 2107 465 2182 eei
480 2109 614 2183 poenum
628 2105 726 2166 fateor
739 2107 900 2182 mantissa,
921 2107 981 2169 sed
996 2106 1038 2168 illi

264 2189 396 2269 Parcite,
415 2207 495 2266 quae
507 2189 592 2255 nullo
608 2189 702 2264 digna
718 2190 825 2252 dolere
836 2191 938 2264 dolati

125 2429 129 2436 p
159 2321 203 2418 6ο
223 2320 277 2420 'fu
293 2374 426 2436 quoque,
447 2367 622 2424 rosnarum
638 2363 795 2440 quondam
808 2357 1046 2438 tidueiare'rum,

95 2447 96 2450 ’
149 2482 151 2486 .
265 2441 322 2516 Qui
334 2443 409 2503 nini
424 2445 609 2524 coniugium,
631 2449 684 2523 qui
697 2447 772 2508 anilii
786 2453 894 2523 portus
910 2461 988 2522 eras,

222 2525 267 2586 Tu
284 2543 409 2605 queque
423 2531 561 2606 suseepti
574 2547 678 2592 curam
694 2531 818 2593 dimittis
835 2531 933 2605 aimei,
1011 2549 1015 2553 ·

266 2610 428 2688 Officiiqua
442 2614 525 2688 pium
538 2622 601 2676 tarn
617 2617 677 2677 cito
689 2616 783 2692 ponis
799 2615 899 2678 onusi

193 2691 350 2778 asaroino
365 2711 442 2772 suot,
464 2698 571 2760 fatcor.
591 2706 698 2776 'quam
711 2700 739 2760 si
753 2705 787 2760 tu
799 2697 939 2775 tenpore
953 2697 1030 2760 duro

262 2779 465 2856 Deposituras
481 2799 559 2858 eras,
583 2799 645 2844 non
661 2783 823 2846 subeunda
837 2785 901 2844 luit.

220 2860 377 2926 Fluctibus
392 2865 423 2934 in
437 2867 549 2928 mediis
564 2885 683 2942 navem,
705 2867 855 2944 Palinure,
876 2865 1049 2942 relinquisa

262 2946 307 3006 Ne
322 2949 402 3022 iuge,
424 2963 503 3010 naue
518 2957 570 3012 tua
585 2953 625 3014 sit
636 2955 739 3018 minor
753 2959 817 3014 arte
834 2953 929 3015 fldost

220 3027 375 3104 Numquid
386 3031 544 3096 Achilleos
559 3031 638 3098 inter
653 3039 722 3100 iera
735 3033 924 3115 preolia'lidi
987 3031 990 3037 ’

184 3122 218 3177 10
266 3113 530 3180 Deseruitiauitas
548 3121 784 3184 Automedontis
798 3128 920 3200 aqueae

221 3190 317 3271 Quem
333 3202 428 3260 semel
442 3204 581 3279 excepit
597 3207 745 3282 numquid
757 3206 932 3270 Podalirius
947 3221 1041 3284 aegro

260 3279 446 3346 Promissam
461 3289 599 3350 medicae
609 3305 676 3352 non
693 3292 757 3354 tulit
772 3293 845 3353 artis
862 3297 976 3368 opem?

162 3401 165 3406 -
218 3359 349 3438 Turpius
365 3368 479 3444 eicitur,
502 3386 671 3446 quam-non
685 3375 992 3450 admittiturhospcs.
1079 3409 1081 3414 ·

262 3446 344 3521 Quae
358 3453 462 3530 patuit,
486 3455 613 3517 dextrae
626 3459 717 3520 firmo
732 3460 772 3520 sit
786 3473 840 3520 era
854 3475 951 3520 meae.
