2524 4004
107 1 456 258 ³straturum&
525 137 526 142 Ν
656 186 658 190 ,

57 315 59 321 Α
167 215 377 340 'cwpgffl
429 227 498 304 ν1,
518 224 696 290 sot-cn.
743 278 747 286 ,
808 235 814 278 .·
1046 229 1108 298 217

356 359 416 419 di>
452 357 502 422 14.
523 360 1050 425 FENo1ns·v1rros·nx·s·c·

175 477 283 538 Idibus
298 475 329 536 in
345 474 448 550 magni
463 480 568 536 castus
582 475 666 535 Iovis
681 477 760 536 aede
775 479 924 541 sacerdos

138 575 143 582 ·
220 559 398 621 Semimaris
413 557 544 633 flammis
560 557 682 617 viscera
695 557 770 619 libat
784 560 869 621 ovis=

143 693 147 699 ,
176 644 372 718 Redditaque
386 641 529 701 immunis
543 643 661 716 populo
676 643 838 717 provincia
851 654 967 722 nostro,

73 776 75 782 .
105 737 160 792 590
214 727 252 787 Et
265 733 336 786 tuus
350 726 492 799 Augusto
507 725 745 795 nominedictus
760 742 848 788 avus.

177 811 303 885 Perlege
319 809 489 884 dispositas
504 823 658 884 generosa
673 825 729 886 per
743 810 820 870 atria
834 825 940 872 cerasa

221 893 420 967 contigerunt
432 893 507 952 nulii
521 893 646 952 nomina
660 899 743 954 tanta
756 894 834 954 viro.

177 977 283 1050 Atrion
295 977 445 1036 victorem
458 976 498 1035 de
512 992 548 1036 se
559 983 660 1039 vocat.
689 977 765 1038 aiter
775 978 909 1053 Isauras,

220 1062 282 1120 Aut
299 1061 418 1121 Cretum
434 1060 566 1120 domitas
580 1060 759 1122 testificatur
773 1076 867 1138 opess

109 1152 162 1208 595
174 1143 263 1204 Hunc
277 1143 425 1204 Numidae
440 1143 569 1216 iaciunt,
591 1143 675 1204 illum
686 1144 833 1206 Messana
846 1146 1026 1221 superbum:
1109 1202 1113 1220 ,

221 1227 275 1288 lile
289 1225 471 1288 Numantina
483 1228 576 1287 traxit
590 1227 629 1287 ab
643 1227 719 1287 urbe
733 1233 845 1288 notam.

178 1309 217 1372 Et
234 1318 361 1372 mortem
378 1317 409 1370 et
421 1326 533 1371 nomen
547 1311 648 1372 Druso
665 1311 827 1372 Germania
841 1311 922 1372 tecit.

221 1394 272 1454 Me
287 1393 447 1468 miserum,
464 1395 562 1454 virtus
578 1411 670 1470 quam
685 1393 790 1455 brevis
806 1394 858 1454 ilia
870 1395 939 1455 tuit!

181 1478 214 1544 Si
229 1484 313 1552 petat
327 1495 346 1537 a
359 1478 459 1552 victis,
475 1485 521 1539 tot
535 1485 635 1539 sumat
647 1478 771 1539 nomina
783 1477 904 1552 Cacsar,
984 1527 987 1533 .
1067 1528 1072 1536 .

108 1568 163 1624 ooo
218 1560 298 1636 Quot
311 1576 438 1621 numero
452 1567 561 1636 gentes
575 1563 727 1622 maximus
741 1561 826 1622 orbis
839 1561 941 1621 habet

179 1643 226 1704 Ex
241 1661 304 1706 uno
320 1645 446 1719 quidam
461 1645 600 1706 celebres
614 1652 666 1707 aut
679 1646 798 1722 torquis
813 1645 958 1720 adempti,
986 1657 994 1663 ⁵

221 1730 285 1788 Aut
300 1729 386 1789 corvi
398 1728 502 1790 titulos
518 1729 676 1790 auxiliaris
690 1729 813 1789 habent.

89 1846 92 1852 ·
180 1809 307 1884 Magne,
330 1818 414 1872 tuum
429 1827 540 1871 nornen
552 1828 654 1872 rerum
667 1820 715 1874 est
729 1827 873 1875 mensura
886 1817 1020 1872 tuarums
1111 1821 1114 1840 ⁵

224 1893 286 1954 Sed
301 1896 355 1968 qui
369 1902 399 1954 te
414 1895 500 1968 vicit,
517 1896 640 1955 nomine
652 1896 749 1956 maior
763 1903 837 1956 crat.

110 1984 163 2041 606
175 1977 239 2037 Nec
253 1978 367 2052 gradis
382 1985 430 2039 ast
444 1981 522 2039 ultra
534 1979 648 2040 Fabios
664 1980 854 2056 cognominis
869 1979 966 2040 uilus=

223 2061 280 2120 lita
294 2061 404 2126 domus
419 2063 535 2124 meritis
549 2063 683 2124 Maxima
697 2065 779 2124 dicta
792 2064 867 2124 suls.

181 2140 245 2208 Sed
264 2150 367 2205 tamen
380 2146 522 2207 humanis
538 2145 912 2208 celebrantur-honoribus
927 2155 1052 2205 omnsss

224 2227 282 2288 Hic
296 2229 415 2290 socium
429 2247 548 2293 summo
564 2247 632 2293 cum
646 2233 720 2292 iove
734 2246 846 2291 nomen
859 2227 960 2289 habet.

183 2310 296 2372 Sancta
308 2321 424 2378 vocant
437 2322 567 2390 augusta
582 2322 695 2391 patres.
724 2321 855 2389 augusta
867 2318 1016 2374 vocantur

112 2403 166 2458 tito
219 2395 347 2470 Tempta
362 2400 558 2460 sacerdotum
571 2400 628 2460 rite
642 2400 743 2460 dicata
756 2392 858 2458 marin.

181 2478 278 2538 Huius
293 2485 324 2539 et
338 2483 498 2556 augurium
513 2483 669 2559 dependet
683 2482 800 2558 origine
813 2479 909 2554 verbi,

223 2562 263 2622 Et
277 2565 496 2641 quodcumque
510 2583 568 2628 sua
581 2568 719 2643 iuppiter
732 2573 824 2641 auget
838 2580 909 2641 ope.
986 2592 990 2645 1

165 2661 166 2666 ¹
182 2645 304 2720 Augeat
317 2647 477 2725 imperium
491 2653 589 2712 nostri
602 2652 706 2722 ducis,
725 2653 835 2724 augeat
854 2663 962 2720 annos,

223 2726 366 2805 Protegat
381 2738 412 2792 et
425 2740 547 2796 vestras
563 2751 679 2811 querna
694 2747 809 2794 corona
823 2728 917 2792 iores.

111 2817 164 2874 615
177 2813 431 2892 auspicibusque
446 2818 513 2878 deis
528 2820 601 2879 tanti
614 2811 908 2893 cognominisheres

227 2893 332 2959 Omine
347 2901 497 2977 suscipiat
511 2918 573 2977 quo
591 2910 685 2978 pater,
702 2900 786 2961 orbis
802 2914 891 2959 onus.

513 3032 563 3096 15.
583 3035 609 3094 G
632 3035 722 3094 CAR

180 3145 341 3222 Respiciet
352 3147 439 3210 Titan
454 3157 538 3211 actas
552 3149 605 3211 ubi
618 3151 727 3210 tertius
741 3148 824 3221 idus,

128 3282 137 3299 ,
222 3228 312 3292 Fient
324 3231 507 3293 Parrhasiae
527 3249 618 3294 sacra
630 3235 728 3292 relata
742 3231 830 3292 deae.

180 3311 259 3372 Nam
273 3316 360 3390 nnus
376 3315 534 3376 Ausonias
547 3323 662 3378 matres
681 3319 826 3390 carpenta
838 3307 1007 3373 vehebantae

106 3399 162 3456 tito
217 3395 304 3457 Haec
318 3411 444 3472 quoquc
458 3397 497 3458 ab
510 3397 646 3458 Euandri
662 3398 743 3458 diota
757 3401 884 3472 paramo
898 3409 980 3454 reor.

178 3477 256 3540 Mox
269 3480 371 3542 honor
386 3480 527 3555 eripitur,
543 3487 743 3560 matronaque
758 3479 890 3542 destinat
903 3474 1002 3537 omnis
