2520 4008
133 243 194 310 aaa
499 287 502 295 .
530 235 592 297 nn
616 231 762 294 renuo

127 455 129 460 χ
166 405 201 458 ao
219 417 221 422 ·
257 393 395 466 cumque
410 384 486 448 meis
502 383 638 452 laminis
651 382 774 447 miscuit
787 399 888 458 usque
902 397 989 446 suas.

217 475 257 536 Ot
281 473 425 551 quotiens
438 469 520 532 vina
534 475 640 531 custos
655 467 781 528 invisus·
791 481 915 529 amarae

255 555 410 620 continuit
423 559 583 632 promptas
597 549 712 612 in'mea
726 550 789 612 lata
802 558 929 614 manust
1019 627 1023 630 ,

171 691 173 698 s
215 641 254 702 Ot
276 641 419 716 quotiens
434 637 519 711 dixit,
542 633 919 712 ε01000011101101001001
931 641 990 694 est

256 725 345 799 Vive,
363 738 425 784 nec
439 720 558 796 ignosci
571 725 605 799 tu
617 717 672 778 tibi
687 715 782 792 pos-se
796 721 898 792 nega?

167 811 288 873 051101
303 816 405 882 tamen
418 803 470 864 illa
484 802 539 862 init
556 798 762 874 celeberrima,
783 801 927 876 ‘resoica
950 807 1099 876 quantum

244 891 374 952 Debent
388 886 536 950 auxilium
547 883 701 946 Maximus
715 899 788 944 esse
803 883 879 944 tibi’
997 928 998 932 ,
1040 919 1043 926 -
1063 943 1064 946 ,

213 975 366 1036 Maximus
379 969 543 1042 incumbet,
567 983 690 1044 quaque
704 968 887 1044 asinitatem,
910 967 1039 1042 rogabit,

252 1058 299 1119 Me
315 1056 353 1118 sit
367 1055 408 1117 ad
422 1060 592 1118 extremum
607 1050 748 1114 caesaris
762 1051 924 1116 iratenax.
973 1065 975 1070 ·

218 1139 355 1218 Cumque
370 1138 435 1200 suis
450 1136 551 1198 fratris
567 1136 649 1196 vires
664 1133 830 1210 adhibebit,
853 1141 883 1195 et
898 1149 1027 1212 omnem,

123 1245 124 1248 ¹
167 1235 203 1288 30
258 1224 324 1298 Quo
339 1223 438 1284 levius
454 1221 570 1294 doleas,
595 1219 896 1294 experieturopem.’
990 1233 1001 1301 j

214 1308 298 1368 Haec
313 1305 391 1368 milri
400 1303 495 1368 verba
507 1304 606 1366 malae
620 1303 793 1364 minuerunt
806 1301 909 1363 taedia
923 1301 1013 1389 uitae.
1097 1345 1099 1348 -

258 1391 341 1465 Quae
355 1397 388 1451 tu
403 1387 574 1464 noluerint,
596 1386 738 1461 Maxime,
759 1401 841 1447 vana
854 1401 942 1451 cave.
979 1398 981 1402 ’
1059 1399 1073 1428 τ

214 1473 282 1536 lluc
297 1487 421 1548 quoque
434 1477 595 1534 venturum
608 1469 681 1535 mihi
695 1485 732 1532 se
746 1471 848 1532 iurare
862 1469 990 1547 solebat,

256 1558 322 1618 Non
337 1556 440 1616 uisite
454 1557 565 1631 longae
579 1555 627 1614 ius
641 1553 700 1630 sibi
713 1553 807 1616 dante
819 1553 898 1616 viae.

167 1647 201 1704 31
214 1641 291 1702 Mam
304 1647 356 1702 tua
371 1653 432 1718 non
447 1638 506 1699 alio
522 1639 616 1700 coluit
629 1637 799 1712 penetralia
811 1637 878 1712 ritu,

258 1725 418 1784 Terrarum
432 1721 574 1784 dominos
589 1731 682 1798 quam
699 1720 776 1782 colis
790 1720 860 1797 ipse
875 1721 962 1784 deos.

219 1805 412 1879 credamini,
435 1806 546 1866 multos
561 1804 678 1866 habeas
693 1821 763 1866 cum
777 1805 888 1882 dignus
903 1806 1028 1880 amicos,

255 1889 322 1950 Non
338 1890 393 1950 luit
407 1903 425 1948 e
439 1889 540 1950 multis
557 1887 693 1964 quolibet
706 1890 756 1949 ille
771 1889 879 1950 minor.
894 1917 895 1920 ¹
1101 1945 1104 1948 ,

220 1971 252 2036 Si
267 1973 360 2033 modo
376 1987 438 2033 non
450 1983 565 2040 'consus
580 1987 637 2032 nec
652 1973 769 2032 clarum
782 1989 894 2036 nomen
910 1989 1046 2048 avorum,
1077 2007 1081 2010 -

119 2097 123 2106 ·
144 2116 145 2120 ,
169 2065 204 2120 tc
257 2053 323 2118 Sed
336 2056 473 2133 probitas
488 2070 617 2132 magnos
632 2055 847 2134 ingeniumque
861 2057 941 2118 lacit.
962 2111 966 2116 ,

217 2141 286 2200 lure
299 2140 391 2214 igitur
404 2139 546 2200 lacrimas
562 2138 651 2201 celso
666 2136 796 2202 libamus
812 2140 965 2218 adempto,

258 2225 333 2286 curn
348 2224 491 2299 lugerem,
513 2223 585 2286 vivo
601 2239 680 2300 quas
695 2220 780 2284 dedit
793 2225 844 2287 illa
858 2223 945 2288 mihi:

218 2307 358 2368 Carmina
373 2307 438 2368 iure
453 2307 561 2370 damus
576 2322 665 2368 raros
679 2309 823 2370 testantis
836 2323 947 2385 mores,
963 2337 965 2340 ·
980 2381 984 2386 Ἴ,

259 2389 299 2450 Ut
311 2396 365 2450 tua
377 2391 496 2452 venturi
509 2391 640 2471 nonina,
664 2390 762 2466 celse,
783 2393 911 2468 legonti
1029 2443 1034 2448 .

168 2483 204 2538 ts
218 2473 292 2534 Hoc
301 2479 356 2547 est,
381 2473 464 2546 quod
477 2474 596 2549 possim
613 2475 724 2536 Geticis
739 2474 793 2536 tibi
807 2476 924 2555 mittere
938 2475 977 2538 ab
992 2474 1076 2536 arvis

259 2555 326 2616 lloc
341 2557 441 2618 solum
456 2564 512 2633 est,
524 2557 604 2620 ¹istic
618 2559 703 2634 quod
717 2559 814 2636 liquet
827 2576 899 2622 esse
912 2574 1023 2622 meum,
1066 2617 1074 2622 .

217 2639 340 2702 Funera
351 2655 413 2702 non
426 2641 513 2716 potui
526 2642 681 2716 comme,
704 2658 762 2706 nec
776 2659 891 2720 ungere
906 2657 1036 2719 corpus=

170 2783 171 2786 ,
258 2723 350 2801 Aque
364 2724 424 2786 tuis
439 2731 503 2787 toto
519 2725 641 2790 dividor
657 2725 732 2787 orbe
745 2728 841 2802 rogis.
1021 2747 1022 2752 ¹

220 2807 277 2882 Qui
291 2810 397 2884 potuit,
419 2825 510 2885 quem
525 2818 563 2874 tu.
571 2825 629 2886 pro
643 2811 766 2873 numine
780 2813 870 2906 vitais
884 2810 1032 2883 habebas,

169 2901 206 2954 00
259 2892 411 2952 Praestitit
424 2893 559 2954 cilicium
572 2893 725 2957 Maximus
740 2895 918 2959 omnetibit
1014 2941 1018 2950 ,

218 2975 277 3034 Ille
286 2974 341 3034 tibi
356 2975 505 3051 exequias
519 2985 550 3038 et
565 2977 667 3054 magni
678 2978 773 3060 ‘funus
786 2978 921 3044 honoris-

259 3056 351 3132 Fccit‚
374 3065 404 3119 et
415 3058 447 3136 in
462 3061 582 3137 gelidos
597 3061 692 3124 versit
706 3077 827 3126 amoma
842 3064 942 3136 sinus·

174 3215 176 3220 ,
218 3141 311 3201 Diluit
325 3147 355 3201 et
368 3141 501 3205 lacrimis
515 3160 656 3208 maerens
671 3153 826 3222 unguenta
840 3143 986 3224 profusis,
1011 3189 1013 3192 -

262 3224 404 3301 Ossaque
418 3227 520 3290 vicina
534 3229 658 3292 condita
671 3232 747 3293 texit
760 3232 864 3298 humo.
1014 3253 1016 3256 ·
1091 3271 1094 3275 -

170 3314 203 3370 51
220 3307 276 3383 Qui
291 3311 437 3382 quoniam
450 3312 602 3388 extinctis,
625 3329 705 3394 quac
719 3315 831 3390 debet,
843 3317 981 3392 praestat
993 3309 1106 3378 amicis

257 3391 295 3451 111
308 3395 521 3456 nos-extinctis
536 3395 736 3460 adnumerare
751 3406 863 3477 potest.
