2454 4004
140 210 203 276 270
527 207 781 272 FASTORUM

263 363 330 428 Non
346 364 511 439 dedignata
526 369 574 424 est
588 375 698 423 nomen
712 362 826 424 habere
840 365 959 428 Venus.

222 447 299 508 llinc
313 455 398 510 satus
411 443 544 523 Aeneas,
566 447 664 524 pietas
679 453 818 523 spectata
830 463 887 524 per
901 449 999 524 ignes,
1163 519 1167 530 ¹

263 530 371 606 Sacra,
393 539 573 608 patremque
586 531 735 606 humeris,
757 531 853 592 altera
867 548 971 606 sacra,
993 535 1070 598 tulit
1145 531 1165 580 ·'

221 615 370 676 Venimus
386 617 427 677 ad
442 618 515 677 felix
529 616 694 690 aliquando
707 629 818 676 nomen
832 615 898 690 Iuli,

170 705 205 758 to
259 697 348 760 Unda
363 699 474 762 domus
488 701 621 761 Teucros
637 699 714 760 lulla
727 699 822 773 tangit
840 715 927 761 avos.

219 781 381 844 Postumus
396 784 476 843 hinc.
507 784 558 859 qui
574 785 658 858 quod
673 782 758 842 silvis
773 782 829 842 luit
843 789 928 842 ortus
943 781 974 842 in
988 783 1065 855 altis,

147 939 148 946 ἵ
262 865 375 927 Silvius
390 867 421 928 in
435 867 521 927 Latia
534 874 624 943 gente
638 873 766 928 vocatus
781 873 855 926 erat.

219 948 321 1024 Isque,
336 949 451 1026 Latine,
473 950 526 1012 tibl
540 958 629 1026 pater
643 957 699 1010 est.
728 948 810 1010 subit
824 948 906 1010 Alba
917 949 1071 1011 Latinum
1129 980 1136 989 ·

259 1032 418 1096 Proximus
433 1027 484 1096 est'
493 1035 587 1096 titulis
600 1033 723 1110 Epitos,
746 1032 834 1104 Alba,
857 1033 926 1094 tuis.

169 1121 204 1176 ts
217 1116 271 1177 llle
285 1117 370 1179 dedit
383 1117 480 1197 Capyi
494 1119 631 1178 recidiva
646 1115 796 1177 vocabula
809 1115 918 1177 Troiae

261 1200 299 1260 Et
311 1208 382 1264 tuus
396 1209 443 1262 est
456 1202 551 1276 idem,
574 1201 706 1276 culpate,
729 1201 826 1259 iaetus
841 1217 928 1261 avus.

221 1283 356 1360 Cumque
370 1285 464 1360 patris
479 1301 605 1360 regnum
620 1290 691 1358 post
705 1283 785 1342 hunc
799 1283 958 1344 Tiberinus
973 1283 1110 1356 haberet,

259 1367 375 1430 Dicitur
390 1367 419 1428 in
433 1370 551 1430 Tuscae
564 1367 683 1444 gurgite
697 1382 817 1426 mersus
832 1383 941 1442 aquae.

219 1450 282 1512 lam
297 1459 396 1512 tamen
409 1453 568 1528 Agrippan
583 1458 685 1512 natum
698 1450 919 1524 Remulumque
934 1457 1074 1526 nepotem

166 1542 203 1598 50
255 1535 390 1594 Viderat.
419 1535 449 1594 in
464 1537 622 1596 Remulum
638 1534 763 1595 fulmina
776 1535 872 1594 misso
888 1535 994 1594 lerunt.

220 1617 312 1678 Venit
325 1618 493 1679 Aventinus
509 1619 667 1694 posthoc,
689 1618 776 1677 locus
791 1618 873 1677 unde
888 1625 1022 1691 vocatur,

259 1699 349 1760 Mons
365 1715 497 1777 quoque.
529 1709 599 1777 post
613 1703 696 1761 illum
710 1702 820 1761 tradita
833 1715 928 1776 regna
941 1701 1063 1761 Procae.

219 1782 314 1857 Quem
329 1785 465 1859 sequitur
480 1787 546 1846 duri
560 1785 697 1846 Numitor
710 1798 872 1860 germanus
886 1786 996 1845 Amuli.
1087 1861 1090 1868 Ι

260 1867 314 1926 ilia
328 1883 397 1927 cum
410 1868 512 1928 Lauso
528 1870 567 1929 de
581 1869 734 1929 Numitore
756 1869 823 1946 sati.

167 1959 202 2012 55
216 1949 298 2012 Ense
313 1952 394 2011 cadit
409 1959 516 2027 patruo
530 1952 659 2014 Lausus.
687 1954 788 2027 placet
801 1951 856 2011 Ilia
869 1951 965 2024 Marti,

260 2033 362 2109 Teque
377 2036 463 2110 parit,
485 2037 606 2112 gemino
622 2037 723 2098 iuncte
737 2033 860 2108 Quirine
874 2034 980 2094 Remo.

218 2119 271 2178 Ille
286 2134 361 2178 suos
377 2134 499 2196 semper
511 2120 664 2181 Venerem
677 2118 865 2194 Martemque
880 2125 1021 2194 parentes

260 2202 356 2276 Dixit,
365 2211 407 2263 ''et
421 2205 546 2264 emeruit
560 2204 647 2263 vocis
663 2203 777 2262 habere
790 2203 891 2262 iidem.

217 2286 301 2346 Neve
316 2287 447 2358 secuturi
461 2293 591 2362 possent
604 2286 724 2347 nescire
739 2292 877 2360 nepotes,

167 2376 211 2434 60,
255 2371 406 2442 Tempora
421 2370 469 2430 dis
483 2372 604 2444 generis
620 2371 794 2429 continuata
810 2369 902 2428 dedit.
945 2439 947 2444 Ι

219 2450 281 2510 Sed
294 2453 425 2512 Veneris
441 2468 577 2512 mensem
593 2453 684 2512 Graio
701 2468 843 2512 semrone
857 2458 991 2512 notatum

256 2540 409 2609 Auguror.
438 2553 456 2595 a
471 2535 587 2610 spumis
603 2543 651 2596 est
664 2537 723 2598 dea
737 2536 818 2596 dicta
836 2536 951 2594 maris:-

216 2619 279 2678 Nec
293 2617 346 2678 tibi
360 2617 399 2677 sit
414 2619 520 2679 mirum
536 2618 654 2679 Graeco
668 2635 733 2679 rem
748 2620 869 2678 nomine
884 2619 959 2677 diei:

141 2707 143 2712 '
256 2702 332 2761 ltala
346 2717 416 2762 nam
429 2705 518 2762 tellus
534 2702 663 2762 Graecia
676 2703 773 2762 maior
787 2709 860 2763 erat.

167 2793 201 2848 65
215 2784 349 2844 Venerat
362 2785 506 2846 Euander
520 2787 610 2862 pleno
625 2802 693 2846 cum
709 2786 811 2846 classe
826 2800 964 2846 suorum=

255 2870 390 2929 Venerat
403 2867 537 2942 Alcides,
554 2869 662 2928 Graius
678 2874 805 2943 uterque
819 2883 927 2942 genus.

215 2951 338 3026 Hospes
352 2953 512 3012 Aventinis
528 2959 693 3012 armentum
708 2943 791 3027 pavit
804 2952 834 3010 in
850 2950 953 3010 herbis

257 3035 409 3108 claviger,
432 3043 463 3095 ct
475 3043 558 3096 tanto
574 3043 621 3096 est
633 3036 746 3112 Albula
761 3041 834 3110 pota
847 3035 917 3093 deo.

215 3119 285 3178 Dux
301 3133 424 3192 quoque
438 3119 578 3180 Neritius.
606 3126 701 3179 testes
714 3118 942 3194 Laestrygones
957 3122 1060 3176 extem

165 3209 200 3265 70
253 3200 292 3261 Et
305 3201 390 3274 quod
404 3201 503 3261 adhuc
519 3203 621 3264 Circes
636 3201 758 3262 nomina
772 3202 842 3262 litus
857 3199 958 3260 habet

215 3283 327 3344 Etiam
342 3284 500 3358 Telegoni,
522 3286 582 3346 iarn
597 3286 717 3346 moenia
731 3284 849 3344 Tiburis
864 3283 918 3344 udi

257 3365 399 3440 Stabant,
412 3369 576 3442 Argolicae
594 3369 676 3442 quod
691 3383 825 3443 posuere
840 3382 959 3426 manus.

214 3449 349 3510 Venerat
362 3450 487 3510 Atridae
503 3449 571 3508 latis
587 3452 715 3524 agitatus
730 3451 890 3522 Halaesus,
951 3515 954 3526 ,
