2454 4004
431 252 489 326 vl,
513 247 690 314 loo—224.

489 449 624 529 arar]
680 438 686 445 ’
729 511 731 515 ,
816 504 824 518 .

134 575 262 635 Postera
275 573 330 634 lux
345 569 490 647 Hyadas,
506 567 654 631 Taurinae
669 583 784 630 cornua
799 569 929 645 lroniis,

176 658 309 730 Evocat,
325 653 460 716 ermulia
472 659 554 714 terra
568 651 718 714 madescit
732 668 823 728 aqua.

507 783 537 846 3.
559 783 615 845 BC

135 910 227 970 Mane
240 908 297 970 ubi
308 906 357 968 bis
370 904 476 980 luerit,
492 901 699 978 Phoebusque
711 903 866 965 iteraverit
884 913 980 978 ortus,

67 1005 125 1058 200
178 993 335 1066 Factaque
348 989 407 1053 erit
422 988 524 1064 pesilo
538 1001 610 1048 rore
625 987 672 1047 bis
687 987 750 1048 urla
764 1003 865 1064 seges,

136 1077 201 1137 Hac
219 1081 341 1134 saerata
355 1073 406 1132 dic
419 1075 520 1133 Tusco
537 1071 666 1131 Bellona
679 1072 783 1132 duello

177 1157 309 1229 Dicitur,
325 1162 355 1215 et
368 1156 455 1216 Latio
473 1170 627 1230 prospera
641 1171 765 1230 semper
779 1157 876 1216 adesi.

136 1243 257 1317 Appius
273 1247 321 1300 est
335 1245 455 1313 auctor,
469 1238 588 1314 Pyrrho
604 1238 657 1311 qui
672 1254 750 1313 pace
765 1247 877 1314 negata

177 1325 304 1386 Mullum
320 1322 421 1384 animo
439 1321 528 1395 vidia,
545 1321 658 1381 lumine
673 1328 782 1398 euplus
802 1331 875 1382 crat.

70 1417 124 1470 205
137 1407 290 1484 Prospicii
302 1426 323 1468 a
336 1407 448 1483 templo
465 1421 617 1470 summum
631 1404 824 1468 brevis-arca
839 1407 970 1468 circum:

176 1493 232 1554 Est
246 1493 288 1552 ibi
303 1508 364 1552 non
380 1507 495 1567 parvae
509 1506 608 1566 parva
622 1491 765 1551 columna
780 1497 880 1550 nolae.

136 1577 214 1636 Hinc
229 1575 310 1636 soler
323 1576 413 1636 basia
426 1591 531 1650 manu,
547 1573 619 1636 belli
634 1576 830 1650 praenuntia,
845 1574 930 1648 miili,

177 1661 211 1723 ln
227 1675 332 1736 regern
347 1665 378 1718 et
391 1665 498 1734 gentes
514 1675 581 1738 cum
598 1659 700 1732 placei
715 1674 801 1718 arma
814 1659 894 1734 capi.

505 1789 536 1854 4.
559 1791 612 1852 GC

136 1915 242 1973 Aliena
258 1929 331 1989 pars
348 1913 426 1973 Circi
442 1912 577 1974 Custode
592 1911 649 1972 sub
664 1911 796 1972 Hercule
810 1917 874 1992 luia
888 1921 950 1973 est:

68 2005 125 2058 ulo
182 1997 270 2072 Quod
285 1998 363 2057 deus
380 1995 518 2057 Euboico
535 1995 669 2056 carmine
682 2011 794 2058 munus
810 1996 911 2057 habel.
952 2025 953 2030 κ

135 2079 273 2142 Muneris
289 2088 337 2142 esi
350 2087 488 2156 tempus,
505 2081 558 2156 qui
575 2080 679 2140 Nonas
693 2081 803 2142 lucifer
817 2088 889 2142 ante
902 2088 959 2142 est.

179 2163 213 2225 Si
228 2166 346 2226 tilulum
362 2165 502 2241 quaene,
519 2164 605 2225 Sulla
619 2164 762 2239 probavit
778 2180 869 2240 opus.

466 2297 496 2362 5.
518 2299 544 2363 D
566 2295 656 2357 NON

135 2417 343 2493 Quaerebam,
359 2419 463 2482 Nonas
479 2419 591 2492 Sanco,
606 2419 736 2480 Fidione
750 2421 904 2494 referrem,

176 2503 226 2562 An
240 2502 310 2578 ubi,
325 2502 419 2564 Semo
434 2511 530 2580 paler.
558 2503 631 2564 Turn
647 2503 721 2563 mihi
737 2503 857 2567 Sancus
872 2503 928 2562 ailz
959 2499 962 2502 ’

69 2593 121 2646 215
136 2584 338 2662 ‘Cuicumque
353 2603 393 2647 ex
408 2589 475 2649 istis
492 2588 631 2662 dederis,
647 2603 705 2663 ego
721 2604 831 2648 munus
847 2585 978 2646 habebo.
1059 2644 1070 2662 Ι,

164 2669 309 2740 ,Νοιηίηα
322 2677 410 2732 lema
424 2673 500 2733 lero.
530 2673 575 2731 sic
589 2671 717 2732 voluere
733 2671 850 2732 Cures!

133 2753 332 2830 Hune-igilur
345 2762 466 2816 veteres
483 2756 636 2837 donarunt¹
649 2756 728 2814 aede
743 2753 857 2828 Sabini,

176 2839 274 2913 Inque
290 2839 436 2914 Quirinali
452 2839 638 2901 constituere
653 2839 735 2913 iugo.

507 2975 537 3038 6.
558 2973 617 3034 ΕΝ

133 3085 189 3147 Est
201 3087 305 3164 mibi...
320 3087 437 3163 nilque,
453 3105 578 3164 precor,
596 3091 710 3152 nostris
725 3088 894 3151 diuturnior
908 3089 1028 3150 annis...

69 3172 123 3229 iio
175 3170 265 3246 Filia,
282 3189 344 3248 quo
358 3172 432 3232 lelix
446 3174 564 3248 sospite
579 3189 702 3250 semper
717 3190 780 3234 ero.

134 3253 221 3315 Hanc
236 3269 294 3330 ego
309 3272 380 3318 curn
395 3258 504 3316 veliem
519 3273 633 3332 genero
652 3260 742 3334 dare,
758 3265 899 3335 ternpore
912 3257 1013 3320 laedis
1116 3316 1118 3320 ,

176 3339 257 3414 Apta
270 3339 480 3416 requirebam,
498 3357 639 3418 quaeque
654 3344 794 3404 cavenda
809 3344 919 3404 forent.

135 3421 208 3482 Tum
222 3423 296 3486 mihi
310 3431 384 3500 post
397 3440 503 3486 sacras
517 3433 702 3488 monstratur
714 3429 820 3490 Iunius
836 3427 910 3488 idus

174 3505 263 3568 Utilis
279 3515 310 3570 el
323 3509 442 3586 nuptis,
457 3508 540 3572 utilis
555 3525 627 3572 esee
642 3511 725 3586 virle,

94 3601 175 3674 curo.
197 3590 249 3650 lli.
822 3600 856 3655 21
