2454 4004
460 229 505 300 V,
527 226 706 304 dcc-loc.
1030 231 1094 300 307

203 379 316 454 Surgit.
343 378 458 440 habent
470 381 582 454 gemini
595 383 718 442 vincula
730 382 813 441 nulla
827 383 935 459 pedes.

161 463 317 540 Signaque
334 464 387 523 dat
401 463 502 538 digitis
519 465 621 524 medio
637 480 705 532 cum
719 466 831 541 pollice
846 467 964 544 iunctis,

202 545 347 606 Occurrat
364 546 457 607 tacito
477 560 517 607 ne
530 548 608 608 levis
623 547 730 609 umbra
744 548 813 611 sibi.

65 677 68 682 .
90 637 147 692 435
161 630 299 705 Cumque
313 645 423 691 manus
437 630 531 705 puras
549 633 674 692 fontana
693 633 803 707 perluit
817 635 911 710 unda,
978 657 982 664 ·

201 713 352 790 Vertitur,
368 721 398 774 et
416 715 519 789 nigras
534 717 646 792 accipit
660 731 713 774 ore
728 715 825 788 labes,
984 718 987 723 '

159 799 360 873 Aversusque
376 798 456 857 iacit.
485 797 543 857 sed
558 799 631 858 dum
644 798 730 872 iacit,
745 799 843 860 ‘Haec
858 815 916 875 ego
931 803 1026 876 mitto,

199 880 268 940 His’
282 881 379 955 inquit
393 881 522 941 ‘redimo
538 897 649 959 meque
662 897 811 959 meosque
827 884 933 945 labist’

157 963 225 1022 Hoc
245 964 353 1022 novies
369 965 454 1038 dicit,
472 981 529 1024 nec
542 966 676 1040 respicit.
702 967 809 1028 umbra
823 975 945 1043 putatur

90 1056 146 1114 440
203 1045 352 1120 Colligere
366 1053 397 1104 et
411 1048 593 1122 nullo-terga
606 1050 730 1109 vidente
746 1053 844 1126 sequi.

159 1129 278 1190 Rursus
293 1145 407 1203 aquam
422 1130 530 1204 tangit,
546 1131 777 1208 Temesacaque
792 1142 959 1212 concrepat
973 1109 1055 1210 aera,

200 1212 238 1272 Et
250 1218 353 1286 rogat,
369 1219 402 1272 ut
415 1213 505 1272 tectis
519 1221 611 1273 exeat
624 1213 732 1274 umbra
748 1217 822 1276 suis.

159 1297 233 1357 Cum
249 1295 325 1355 dixit
338 1297 447 1356 novies
463 1295 581 1356 ‘Manes
597 1298 678 1357 exite
691 1301 834 1373 paterni?

200 1379 353 1456 Respicit,
370 1387 401 1439 et
414 1394 491 1455 pure
506 1395 597 1440 sacra
610 1389 735 1456 peracta
749 1390 843 1458 putat.

90 1471 145 1526 445
160 1462 248 1524 Dicta
264 1465 303 1522 sit
317 1463 401 1523 unde
415 1463 497 1538 dies,
514 1479 593 1538 quae
610 1465 742 1526 nominis
760 1474 844 1526 extet
859 1467 956 1541 origo,

200 1545 251 1606 Mc
266 1547 350 1620 fugit.
383 1563 423 1606 ex
439 1548 541 1623 aliquo
557 1555 604 1607 est
618 1549 801 1610 invenienda
816 1552 885 1610 deo.

158 1629 264 1689 Pliade
278 1637 364 1703 nate,
379 1646 483 1701 mone,
505 1630 591 1704 virga
604 1634 779 1692 venerande
795 1635 923 1710 potenti!
1030 1642 1033 1646 ·

203 1711 304 1788 Saepe
318 1714 371 1774 tibi
387 1713 486 1792 Stygii
501 1714 585 1787 regia
600 1715 668 1774 visa
681 1717 774 1778 lovis.

158 1796 251 1856 Venit
262 1797 408 1858 adoratus
423 1798 585 1862 caducifer.
615 1801 733 1876 Accipe
752 1815 878 1860 causam

88 1884 144 1937 450
201 1879 348 1941 Nominis.
379 1897 418 1940 ex
432 1882 501 1958 ipso
518 1889 567 1940 est
582 1883 702 1956 cognita
717 1889 811 1944 causa
826 1886 895 1944 dec.

155 1964 306 2025 Romulus
322 1971 353 2024 ut
366 1968 479 2025 tumulo
495 1966 644 2029 fraternas
660 1967 796 2032 condidit
810 1967 942 2042 umbras,

199 2047 237 2107 m
251 2049 331 2108 male
347 2049 445 2109 veloci
460 2050 540 2110 iusta
554 2047 655 2110 soluta
668 2051 774 2125 Remo,
825 2076 828 2080 ·

155 2129 321 2192 Faustulus
331 2133 441 2202 infelix
456 2141 486 2192 et
500 2134 605 2208 passis
620 2138 705 2194 Acca
720 2135 838 2210 capillis

202 2214 394 2290 Spargebant
408 2217 541 2277 lacrimis
557 2234 634 2277 ossa
649 2225 773 2292 perusia
788 2219 864 2278 suis.

89 2299 234 2364 4551nde
250 2299 373 2358 domam
386 2301 515 2359 redeunt
531 2300 588 2386 sul)
605 2302 703 2376 prima
718 2302 901 2376 crepuscula
913 2300 1031 2371 maesti,

197 2379 300 2455 thue
315 2390 393 2455 erat,
413 2385 443 2442 in
460 2384 537 2442 dum
553 2382 744 2458 procubuere
761 2392 835 2444 toro.

154 2463 270 2526 Umbra
285 2472 410 2526 cruenta
423 2467 511 2526 Remi
525 2465 593 2525 visa
608 2474 656 2526 est
670 2467 816 2526 assistere
831 2468 920 2540 lecta,

198 2550 300 2632 Atque
314 2548 392 2608 haec
407 2549 520 2623 exiguo
534 2566 690 2611 murmure
707 2549 802 2612 verba
814 2553 914 2626 loqui:

160 2631 218 2690 ‘En
234 2647 291 2706 ego
308 2632 464 2693 dimidium
478 2634 571 2692 vestri
588 2650 723 2708 parsque
743 2635 837 2695 altera
854 2637 928 2708 voti,

92 2721 145 2776 460
203 2715 322 2775 Gemite
336 2718 394 2777 sim
410 2716 524 2790 qualis,
542 2718 594 2791 qui
607 2717 699 2778 modo
716 2719 815 2792 qualis
830 2727 927 2780 eram!
1028 2733 1032 2738 ·

77 2825 79 2830 .
157 2798 213 2874 Qui
230 2801 336 2872 modo,
354 2801 381 2860 si
395 2802 537 2860 volucres
552 2800 729 2861 habuissem
745 2818 840 2877 regna
854 2803 1002 2876 iubentes,

198 2883 232 2941 In
246 2885 364 2965 populo
380 2882 466 2960 potui
483 2885 634 2946 maximus
651 2900 723 2946 csse
740 2902 819 2961 meo,

156 2966 240 3026 Nunc
256 2969 365 3044 elapsa
378 2967 445 3042 rogi
461 2966 593 3028 flammis
609 2977 639 3028 et
652 2969 752 3030 inanis
768 2971 877 3044 imago,

197 3049 281 3111 Haec
298 3061 400 3112 estex
416 3052 468 3111 illo
487 3053 587 3112 iorma
598 3054 704 3112 relicta
719 3055 830 3114 Remo!

93 3145 144 3212 465
157 3133 223 3194 Heu
239 3136 290 3195 ubi
304 3135 387 3197 Mars
403 3143 490 3212 pater
506 3144 574 3197 est?
588 3139 615 3196 si
628 3153 687 3197 vos
701 3139 793 3198 modo
811 3153 885 3196 vera
898 3139 1000 3208 loculi,

166 3256 168 3260 -
198 3217 362 3296 Uberaque
377 3219 526 3296 expositis
541 3221 591 3280 ille
605 3223 703 3282 lerina
717 3222 810 3283 dedit.

158 3301 251 3382 Quem
266 3305 340 3379 lupa
354 3304 505 3377 servavit,
522 3321 630 3365 manus
646 3306 727 3365 hunc
740 3305 901 3365 temeraria
917 3319 992 3364 civis

197 3385 340 3448 Perdidit.
369 3388 393 3449 0
410 3395 523 3464 quanto
538 3387 638 3449 mitior
653 3390 704 3448 illa
720 3389 788 3451 luit!

159 3468 258 3531 Saeve
274 3471 375 3549 Celer,
392 3472 548 3533 crudelem
563 3473 694 3533 animam
708 3489 764 3548 per
777 3471 903 3591 volnera
918 3471 1041 3542 reddas,
