2524 4004
451 214 483 287 1,
503 187 654 287 oo1-11,
673 211 715 276 ae
923 193 932 206 “

369 443 518 526 urana
544 442 819 527 snounnos.
889 411 891 418 '

169 581 266 680 lanus
281 616 374 678 habet
389 617 491 676 linem.
528 633 597 677 cum
612 617 746 678 carmine
761 619 872 678 crescit
885 626 916 679 et
929 637 1045 683 annues

198 703 298 767 ,Alter
311 707 345 762 ut
362 701 413 760 hic
427 702 561 776 mensis,
584 701 631 762 sic
652 701 728 763 liber
742 701 817 761 altar
836 709 895 764 eet.

169 788 258 848 Nunc
272 786 402 862 primurn
416 777 511 858 velis,
527 785 622 861 elegi,
634 785 802 847 maioribus
823 787 890 847 itis:

208 869 376 946 Exiguum,
391 869 529 944 memini,
544 884 643 944 nuper
656 869 749 930 eratis
765 885 853 944 opus.

132 959 150 1013 5
168 955 240 1032 lpse
254 970 313 1029 ego
327 970 386 1014 vos
401 951 495 1013 habui
510 953 616 1013 faciles
630 951 661 1014 in
676 968 781 1014 amore
795 949 961 1031 ministros,

161 1114 164 1118 .
209 1037 282 1098 cnm
297 1038 371 1098 lusit
384 1036 520 1098 numeris
540 1037 637 1111 prima
650 1037 775 1097 iuventa
788 1038 864 1098 suis.

170 1122 255 1183 Idem
275 1137 366 1182 saera
380 1136 459 1182 cano
474 1122 657 1196 signataque
671 1127 810 1195 tempora
823 1122 928 1184 lastis=

210 1205 325 1280 Ecquis
339 1205 380 1265 ad
394 1205 472 1265 haec
486 1205 569 1264 illinc
583 1203 724 1263 crederet
738 1219 809 1264 esse
824 1205 926 1266 viamt

170 1291 255 1350 Haec
269 1304 336 1350 ntea
349 1287 455 1349 militia
468 1291 525 1364 est.
556 1287 680 1349 lenimus
696 1303 778 1364 quae
791 1303 970 1366 possumus,
985 1305 1079 1368 arma,

118 1384 155 1438 lt)
209 1375 385 1447 Dextraque
400 1389 463 1432 non
478 1372 561 1434 omni
582 1387 709 1432 munere
722 1378 830 1433 nostra
844 1381 942 1434 vacat.

171 1457 203 1518 Si
217 1455 292 1516 mihi
304 1471 367 1516 non
380 1457 484 1517 valido
500 1462 682 1530 torquentur
695 1455 758 1532 pila
771 1457 895 1532 lacerto,

114 1544 117 1550 “
135 1605 138 1615 ,
207 1539 272 1600 Nec
289 1539 444 1601 bellatoris
459 1546 547 1615 terga
560 1543 738 1617 premantur
752 1541 834 1616 equi,

170 1625 233 1684 Neo
248 1624 570 1698 galea·tegimur‚'nec
592 1631 682 1685 acuto
704 1625 854 1700 cingimur
867 1639 973 1702 ensa..

210 1707 267 1768 His
281 1705 392 1768 habilis
413 1708 480 1770 telis
497 1707 624 1782 quilibet
638 1723 709 1768 esse
723 1713 855 1782 potest...

121 1801 156 1856 15
168 1793 210 1852 At
223 1797 276 1851 tua
289 1792 505 1867 prosequimur
519 1791 660 1853 studioso
677 1789 817 1866 pectore,
840 1791 963 1866 Caesar,

211 1875 349 1950 Nomina,
365 1890 422 1951 per
435 1876 540 1937 titulos
554 1875 804 1951 ingredimurque
817 1881 898 1936 tuos.

123 1958 125 1962 ’
171 1957 254 2046 Ergo
274 1959 350 2019 ades
366 1959 533 2049 etplchdo
548 1960 678 2035 paulum·
689 1974 757 2019 mea
770 1973 897 2019 munera
910 1959 995 2021 voltu

206 2042 357 2117 Respice,
379 2039 520 2117 pacando
535 2044 562 2102 si
576 2043 650 2117 quid
664 2041 703 2102 ab
717 2042 807 2104 hosta
827 2057 930 2102 vacas.

171 2125 292 2185 Februa
306 2126 434 2186 Romani
450 2127 556 2186 dixere
570 2126 703 2203 piamina
718 2132 830 2201 patres.

15 2215 17 2222 '
122 2219 159 2272 ro
212 2209 298 2270 Nunc
314 2217 438 2285 quoque
453 2209 527 2271 dant
540 2211 635 2270 verbo
652 2210 780 2286 plurima
795 2210 882 2284 signa
897 2197 1000 2270 fldem.

171 2293 337 2354 Pontifices
350 2293 389 2353 ab
403 2309 477 2368 rege
492 2301 598 2369 petunt
618 2301 649 2354 et
662 2293 786 2354 flannine
800 2295 896 2367 lanas,

214 2377 288 2451 Quis
306 2383 444 2438 veterum
459 2377 563 2452 lingna
578 2379 686 2438 februa
699 2392 810 2438 nomen
823 2383 897 2436 erat.

173 2461 319 2537 Quaeque
334 2462 417 2537 capit
429 2463 518 2537 lictor
531 2461 674 2524 domibus
689 2461 870 2537 purgamina
884 2466 997 2534 ternus,

210 2543 339 2604 Torrida
354 2561 422 2621 curn
436 2546 517 2606 mica
531 2547 627 2620 lurra,
648 2553 796 2606 vocantur
809 2543 906 2604 idem.
943 2545 948 2564 ’·

122 2636 158 2690 25
171 2629 289 2696 Nomen
304 2626 501 2704 idem'ranto‚
526 2629 578 2704 qui
593 2645 703 2690 caesus
719 2628 757 2688 ab
772 2627 883 2688 arbore
893 2641 974 2702 pura

98 2753 100 2758 -
123 2762 127 2776 .
212 2712 305 2772 Casta
319 2713 516 2774 sacerdotum
528 2719 668 2789 tempora
682 2713 790 2773 fronde
804 2712 887 2786 tegit.

171 2795 245 2871 Ipse
259 2811 318 2870 ego
338 2795 522 2858 dominicam
537 2793 717 2872 poscentem
732 2795 838 2855 februa
853 2793 931 2854 vidi=

211 2877 331 2940 Februa
345 2881 484 2957 poscenti
500 2882 594 2956 pinea
606 2881 693 2956 virga
709 2880 780 2940 data
798 2886 855 2940 est.

171 2962 311 3038 Denique
325 2965 543 3040 quodcumque
553 2969 609 3038 est,
625 2980 687 3040 quo
700 2979 833 3038 corpora
843 2968 948 3023 nostra
959 2960 1090 3036 piantur,

122 3051 159 3108 do
212 3046 279 3106 Hoc
293 3049 378 3122 apud
392 3049 532 3110 intonsos
548 3064 659 3108 nomen
674 3046 809 3108 habebat
822 3061 911 3107 avos.

170 3129 289 3191 Mensis
303 3131 342 3190 ab
357 3132 407 3192 his
423 3133 536 3205 dietus,
561 3140 647 3194 secta
662 3131 732 3206 quta
747 3131 829 3206 pelle
843 3129 961 3206 luperci

212 3210 309 3275 Omne
324 3216 423 3290 solum
438 3217 580 3289 lustrant,
603 3217 698 3292 idque
715 3215 837 3291 piamen
859 3213 985 3273 hanenu

170 3297 234 3357 Aut
248 3299 321 3373 quia
335 3300 463 3376 placatis
478 3306 548 3363 sunt
562 3307 702 3374 tempora
716 3315 793 3374 pura
806 3295 988 3374 sepulchris,

211 3382 297 3442 Tune
310 3399 379 3444 curn
394 3384 507 3445 lerales
521 3383 707 3459 praeteriere
721 3383 799 3444 dies.
821 3415 823 3425 =

120 3471 157 3527 ⁸⁵
172 3461 270 3526 Omne
284 3469 371 3528 nolas
387 3481 571 3543 omnemque
584 3468 656 3527 mali
671 3466 851 3544 purgamina
865 3477 991 3526 cansam
