2524 4004
417 255 476 330 IV,
499 253 555 331 12,
578 253 698 332 1-13,
717 255 768 318 22.

163 411 260 486 Quam
273 413 325 472 luo
343 406 404 468 sint
419 407 510 484 lapso
524 407 709 483 praecordio
723 409 800 470 dura
815 412 925 472 sodali.

202 493 260 554 Hic
275 491 415 552 cumulus
430 491 545 552 nostris
561 488 641 566 absit
656 490 806 566 abestque
820 496 918 556 malis.

162 582 208 641 Tu
221 576 315 638 modo
332 589 389 652 per
404 589 544 650 supereo,
566 589 696 650 quorum
711 576 901 639 certissimus
916 579 967 640 ille
980 587 1037 656 est

121 673 157 728 40
210 661 276 736 Quo
290 665 362 720 tuus
378 659 504 720 assidue
519 659 658 736 principe
673 657 769 720 crevit
782 659 890 736 honor,

163 747 261 807 liliice
276 742 427 804 constanti
442 740 607 819 prologum
621 742 735 820 pietate
749 745 874 820 tuendo,

204 830 249 888 Ne
263 834 387 904 sperata
400 842 506 888 meam·
514 824 639 886 deserat
652 841 727 890 aura
740 833 864 903 ratem„

165 913 244 989 Quid
258 911 415 987 mandem,
437 911 583 986 quaerisl
604 925 743 986 peream,
765 912 825 974 nisi
840 913 944 974 dicere
957 912 1011 974 vix
1025 907 1103 978 est...

207 994 356 1070 simodo,
380 995 432 1070 qui
447 994 545 1072 periit,
569 994 619 1054 ille
636 996 737 1070 perire
751 1003 863 1072 potest.

123 1092 157 1148 45
166 1081 238 1152 Nec,
263 1081 337 1155 quid
351 1094 449 1156 agam,
472 1079 605 1150 invenio,
628 1093 685 1138 nec
701 1079 775 1154 quid
789 1081 923 1142 nolimve
935 1083 1076 1161 nolimve,

204 1164 267 1225 Nec
282 1165 357 1224 satis
371 1164 485 1224 utilitas
501 1169 549 1223 est
563 1172 632 1222 mee
646 1168 718 1222 nota
732 1164 815 1223 mihi.

167 1248 264 1320 Crede
278 1247 360 1320 milri,
383 1249 515 1309 miseros
530 1245 692 1323 prudentia
707 1246 805 1322 primu
820 1247 972 1325 relinquit,

205 1331 243 1391 Et
257 1347 368 1392 sensus
383 1347 453 1394 cum
466 1345 501 1390 re
516 1330 741 1404 consiliumque
755 1331 840 1407 fugit

165 1417 246 1491 Ipse,
268 1430 387 1491 precor,
413 1429 555 1492 quaeras,
578 1429 639 1489 quo
654 1414 711 1474 sim
725 1414 779 1475 tibi
794 1421 881 1492 perte
895 1415 1056 1492 iuvandos,

122 1510 159 1562 50
210 1499 340 1574 Quoque
355 1500 439 1560 viam
455 1498 551 1559 iacias
568 1498 609 1558 ad
623 1513 691 1558 mea
707 1505 779 1559 vota
794 1499 886 1561 vado.

84 1611 153 1704 13.
210 1645 345 1706 oneo.

170 1725 201 1820 θ
215 1763 288 1823 mihi
304 1776 366 1822 non
380 1760 493 1823 dubios
508 1761 586 1823 inter
600 1763 798 1824 memorande
812 1763 948 1840 sodales,

210 1847 336 1924 Quique,
360 1848 445 1922 quod
460 1863 494 1907 es
510 1862 591 1925 vere,
614 1847 698 1921 care,
720 1845 854 1923 vocaris,
876 1863 945 1906 ave.

166 1931 257 1992 Unde
272 1930 421 2004 saluteris,
445 1931 531 1993 color
543 1931 594 1992 hic
607 1930 662 1992 tibi
678 1929 817 2007 protinus
831 1929 925 1992 index
956 1963 959 1970 ·
1008 1947 1010 1950 ·
1030 1945 1032 1951 ⁸

71 2009 73 2014 '
207 2015 245 2074 Et
259 2022 411 2076 structura
424 2015 484 2075 mei
499 2015 642 2076 carminis
659 2031 732 2076 esse
748 2021 860 2091 potest.

135 2098 233 2162 5Non
249 2099 321 2174 quia
334 2097 461 2159 mirifica
475 2106 529 2173 est,
553 2101 610 2161 sed
625 2101 710 2177 quod
725 2114 781 2160 nec
797 2099 921 2174 publica
935 2107 1033 2160 certet

209 2183 313 2257 Qualis
330 2183 410 2244 enim
425 2195 556 2258 cumque
570 2191 625 2259 est,
648 2199 710 2244 non
724 2185 797 2244 latet
811 2197 883 2244 esse
899 2199 1008 2243 meam.

165 2266 386 2343 Ipsequoque,
408 2273 443 2328 ut
457 2267 580 2328 11111111
591 2267 709 2330 titulum
724 2268 763 2328 de
779 2267 878 2328 lronte
892 2269 1033 2346 revellas,

207 2349 295 2424 Quod
311 2351 350 2412 sit
365 2365 460 2427 opor,
479 2351 590 2414 videor
604 2353 707 2414 dicere
721 2367 827 2428 posse,
848 2358 943 2414 tuum.

166 2433 336 2508 Quamlibet
349 2435 380 2494 in
395 2434 498 2497 multis
512 2439 633 2513 positus
648 2451 780 2497 noscere
794 2435 914 2514 libellis,

120 2523 156 2576 10
206 2517 325 2594 Perque
340 2518 521 2580 observatas
536 2521 692 2582 inveniere
706 2528 806 2581 notas.

164 2601 298 2662 Prodent
311 2610 468 2664 auctorem
482 2605 573 2681 vires,
597 2621 675 2681 quas
689 2603 819 2666 Hercule
835 2605 944 2679 dignas

207 2686 354 2748 Novimus
370 2695 462 2764 atque
477 2687 529 2763 illi,
549 2705 640 2765 quem
655 2689 749 2762 conis,
772 2703 844 2748 esse
858 2699 960 2764 pares.

164 2769 202 2828 El
216 2784 286 2830 mea
299 2769 390 2831 illusa
406 2779 507 2848 potest
521 2775 649 2849 proprio
665 2773 819 2849 deprensa
834 2773 948 2847 colore,

206 2854 340 2928 Insignis
356 2856 436 2916 vitiis
452 2857 581 2917 forsitan
600 2870 672 2917 1111
687 2857 763 2917 suis.
938 2877 943 2884 ·

124 2943 154 2992 15
165 2935 238 2996 Tam
253 2937 334 2997 mala
347 2939 507 3002 Thersiten
523 2939 706 3016 prohibebat
720 2939 936 3014 formalatere,

207 3021 303 3094 Quam
319 3021 449 3098 pulchra
463 3023 574 3085 Nireus
591 3024 832 3099 conspiciendus
849 3028 923 3082 erat.
1024 3030 1028 3038 ’

166 3103 228 3162 Neo
244 3111 273 3165 11
287 3106 400 3182 mirari,
423 3107 450 3167 11
465 3107 527 3167 sint
540 3107 661 3184 vitiosa,
684 3105 806 3167 decebit

209 3183 358 3265 Carmina,
383 3205 462 3267 quae
477 3189 588 3252 taniam
602 3203 701 3266 paene
716 3195 809 3266 poeta
824 3183 927 3250 (letes.
982 3253 989 3263 ,

166 3272 209 3330 A!
235 3273 340 3352 pudet,
362 3283 392 3337 et
407 3273 513 3336 Getico
528 3275 639 3352 scripsi
654 3289 797 3340 sermone
812 3271 956 3347 libellum,

119 3357 156 3413 20
206 3353 391 3436 Structoque
406 3366 477 3420 sunt
490 3360 604 3420 nostris
618 3355 751 3424 barbara
765 3355 861 3419 verba
875 3356 986 3419 modis.

167 3439 205 3500 Et
219 3443 352 3519 placui„
374 3448 494 3520 gratare
508 3441 611 3504 mihi...
627 3442 780 3519 coepique
795 3448 907 3520 poetae

208 3525 292 3588 Inter
306 3527 489 3590 inhumanos
503 3523 745 3613 nomen-lubere
759 3525 862 3586 Gelas.
889 3605 907 3646 *
