2520 4008
486 255 514 328 l,
539 254 573 330 l,
595 252 712 330 31-2‚
736 253 788 317 25.

208 409 301 470 Estur
320 413 355 467 ut
375 405 496 468 occulta
516 404 619 465 vitiata
635 403 773 467 teredine
786 410 885 485 novio,

152 499 192 558 το
248 491 408 567 Aequorei
423 489 570 566 scopulos
586 496 619 550 ut
638 497 729 550 cavat
744 491 828 551 unda
848 493 939 556 satist
976 556 980 562 ,

207 575 339 636 Raditur
352 580 386 635 ut
402 571 513 634 scabra
527 573 661 648 positum
675 571 815 648 rubigine
834 576 957 654 serrum,

201 667 205 674 '
252 658 402 720 Conditus
421 664 455 718 ut
468 656 569 718 tineae
589 655 723 732 carpitur
743 673 796 718 ore
812 658 904 718 libem

140 795 148 802 .
210 742 261 803 Sic
276 758 346 804 mea
365 748 534 818 perpetuos
555 754 695 801 curarum
708 748 835 817 pectora
850 758 985 819 morsus,

251 825 326 886 Fine
342 820 453 903 quibus
470 824 553 885 nullo
570 824 784 900 enuncientur,
804 825 927 887 habent.

162 920 195 975 ts
210 910 272 973 Nec
289 909 375 985 prius
395 908 427 969 hi
446 916 579 969 mentem
596 908 725 984 stimuli,
746 926 838 984 quam
857 911 920 973 vita
934 912 1099 989 relinquet:

253 994 371 1069 Quique
386 993 484 1066 dotet;
506 991 595 1053 citius
612 1008 704 1067 quam
719 993 808 1054 dolor
826 996 896 1072 ipse
914 996 1014 1056 cadet.

210 1078 276 1138 Hoc
292 1077 366 1138 mihi
380 1079 407 1138 si
422 1077 542 1153 superi,
564 1092 695 1152 quorum
709 1092 814 1138 sumus
830 1079 944 1155 omnia,
966 1080 1099 1155 credent,

199 1187 201 1192 ·
250 1161 391 1222 Forsitan
407 1158 519 1237 exigua
538 1158 648 1236 dignus
668 1159 806 1222 habebor
821 1176 891 1238 ope,

209 1247 305 1320 Inque
321 1245 423 1307 locum
440 1242 588 1324 Scythico
605 1253 735 1307 vacuum
749 1244 889 1306 mutabor
909 1245 947 1305 ab
963 1263 1044 1308 arcu.

159 1338 194 1392 80
248 1329 320 1390 Pius
335 1331 411 1403 isto,
428 1329 511 1405 duri,
528 1327 555 1390 si
569 1343 691 1404 precer,
709 1328 772 1389 oris
787 1343 851 1389 ero.

155 1515 197 1606 2.
255 1549 452 1612 unxina

212 1631 366 1743 Maxime,
384 1670 436 1746 qui
451 1671 525 1731 tanti
541 1685 716 1732 mensuram
734 1672 867 1733 nominis
886 1673 1004 1747 impias

251 1753 289 1813 Et
303 1755 441 1830 geminas
457 1756 548 1815 animi
563 1741 719 1817 nobiiitate
739 1771 852 1832 genus:

210 1835 265 1908 Qui
281 1839 367 1898 nasci
386 1846 420 1899 ut
433 1855 562 1914 posses,
584 1839 724 1919 quamvis
742 1840 882 1901 cecidere
898 1840 1033 1913 trecenti,

252 1919 318 1982 Non
337 1937 443 1983 omnes
460 1923 573 1986 Fabios
591 1924 715 1985 abstulit
727 1941 790 1986 una
809 1925 892 1984 dies:

178 2003 351 2066 oForsitan
367 2006 444 2068 haec
459 2025 479 2068 a
495 2025 556 2083 quo
575 2009 707 2070 mittatur
726 2008 857 2084 epistota
871 2023 1011 2083 quaeras,

253 2088 389 2166 Quisque
404 2092 513 2167 loquar
528 2099 644 2166 tecum,
662 2093 775 2153 certior
788 2107 861 2153 esse
878 2092 964 2151 velis.

206 2171 242 2230 Ei
259 2171 346 2234 mihi!
366 2175 440 2250 quid
455 2176 586 2236 iaciamt
615 2189 741 2248 vereor,
762 2190 801 2235 ne
819 2175 943 2236 nomine
959 2175 1037 2235 lecto

177 2260 196 2313 8
253 2255 354 2318 Durus
369 2264 400 2318 et
412 2275 522 2319 aversa
537 2267 638 2320 cetera
654 2265 754 2319 mente
773 2261 868 2335 legas.

161 2346 196 2400 11
211 2338 346 2401 Videris.
377 2342 498 2404 audebo
512 2343 566 2404 tibi
580 2359 630 2404 me
646 2343 811 2420 scripsisse
826 2344 912 2404 fateri

208 2507 280 2580 Qui,
298 2523 366 2569 cum
385 2525 434 2570 me
453 2525 555 2586 poena
571 2511 695 2587 dignum
710 2513 850 2587 graviore
866 2512 962 2574 tuisse

251 2591 416 2669 confitear,
431 2609 561 2670 possum
575 2597 628 2654 vix
645 2597 788 2670 graviora
803 2595 873 2668 pati.

158 2681 193 2734 15
208 2674 356 2736 Hostibus
372 2677 404 2736 in·
419 2677 528 2740 mediis
549 2678 688 2754 interque
707 2677 845 2752 pericula
862 2691 977 2751 versor,

248 2759 415 2835 Tamquam
435 2775 504 2822 cum
519 2762 616 2838 patria
632 2777 694 2836 pax
711 2761 750 2821 sit
769 2760 911 2835 adempta
924 2758 1011 2818 mihi:

206 2841 277 2916 Qui,
293 2845 399 2905 mortis
415 2861 511 2906 saevo
531 2846 684 2921 geminent
702 2851 735 2906 ut
754 2843 877 2904 vulnere
892 2858 1011 2916 causas,
1118 2873 1121 2878 ·

248 2923 355 2988 Omnia
370 2929 497 3006 vipereo
515 2929 635 3005 spicula
652 2930 722 2988 teile
738 2929 844 2989 linunt.

204 3007 259 3070 His
275 3025 373 3085 eques
393 3012 558 3075 instructus
572 3014 732 3089 perterrita
748 3012 871 3074 moenia
884 3012 993 3072 lustrat

153 3099 191 3152 ao
247 3093 335 3155 More
346 3096 413 3171 ¹lupi
434 3097 556 3158 clausas
572 3096 787 3158 circumeuntis
803 3111 888 3156 oves.

204 3178 245 3236 At
263 3179 358 3240 semel
375 3181 507 3242 intentus
521 3189 617 3242 nervo
632 3182 710 3241 levis
728 3175 816 3242 arcus
832 3180 944 3256 equino

109 3306 117 3313 .
222 3266 225 3272 ’
245 3262 379 3325 Vincula
394 3264 647 3340 semperhabens
667 3264 837 3326 inresoluta
851 3270 962 3324 manet.

202 3344 294 3405 Tecta
309 3349 408 3424 rigent
421 3348 492 3410 fixis
506 3349 600 3409 veluti
615 3349 729 3409 vallata
743 3348 870 3423 sagittis,

245 3427 398 3508 Portaque
416 3433 471 3492 vix
485 3432 574 3495 firma
587 3438 758 3493 summovet
773 3447 857 3492 arma
874 3445 953 3491 sera.

148 3517 188 3574 25
203 3511 296 3575 Adde
310 3515 370 3578 loci
386 3516 496 3620 taciem
509 3529 567 3576 nec
587 3515 696 3576 fronde
712 3530 768 3576 nec
788 3509 994 3655 arbortgtaeti,
1104 3514 1107 3518 ’
