2454 4004
461 249 521 326 vr,
543 244 721 311 333-334.
1039 245 1102 310 aaa

169 407 323 470 Provocat
337 408 367 462 et
379 400 546 461 Phoebum.
575 397 700 461 Phoebo
716 405 882 474 superante
897 400 1059 476 pependit:

215 491 314 550 caesa
326 489 554 546 recesserunta
569 488 637 544 cule
651 483 787 544 membra
806 499 873 543 333

172 575 247 636 Sum
260 580 362 634 tamen
379 568 531 630 inventrix
546 563 714 642 auctorque
729 581 786 641 ego
802 565 944 628 carminis
959 567 1060 629 huius.

108 667 162 724 713
219 657 287 717 1133
302 661 365 729 331,
380 668 436 714 cur
450 658 575 712 nostros
590 667 641 710 333
657 651 811 712 331311313
826 649 917 710 dies?

240 833 249 852 ,
315 783 509 864 113333]
554 763 887 858 reposco-a
973 837 975 841 ,

170 905 272 968 Tertia
284 905 337 964 lux
352 904 468 977 veniet,
485 917 546 978 qua
558 908 608 976 tu,
622 900 745 961 Dodoni
758 900 894 978 Thyone,
932 927 935 932 ·

215 988 317 1050 Stabis
332 986 486 1061 Agenorei
502 987 601 1046 fronte
618 985 751 1045 videnda
765 985 866 1045 bovis.

140 1081 144 1088 '
171 1072 256 1132 Haec
271 1076 319 1130 est
331 1071 383 1128 illa
398 1070 480 1144 dies,
497 1087 560 1145 qua
573 1076 606 1131 13
621 1069 800 1144 purgamina
813 1067 938 1140 Vestae,

213 1152 343 1231 Thybri,
360 1169 416 1226 per
429 1154 576 1213 Etruscas
592 1153 623 1211 13
638 1169 722 1212 mare
737 1151 829 1212 mittis
844 1165 952 1226 aquas.

107 1245 160 1304 115
176 1237 208 1298 Si
225 1253 286 1312 qua
300 1235 379 1295 fides
396 1236 511 1309 venile,
528 1235 667 1312 zephyro
684 1236 754 1294 date
769 1235 913 1307 carbasa,
929 1238 1054 1294 3331331

217 1319 292 1380 Cras
307 1318 410 1383 veniet
428 1317 540 1378 vestris
555 1318 607 1376 ille
621 1316 777 1377 secundus
791 1317 891 1392 aquis.

364 1450 413 1538 33.
437 1429 492 1511 33
537 1447 587 1513 17.
610 1450 667 1510 33
709 1444 759 1514 33.
781 1450 845 1544 33

174 1571 216 1632 Α1
228 1560 316 1646 paler
329 1569 491 1630 Heliadum
504 1569 610 1629 radios
624 1567 677 1628 ubi
692 1567 814 1628 tinxerit
827 1566 927 1642 331113,

216 1655 255 1714 Et
270 1655 371 1729 cinget
384 1655 523 1728 geminos
541 1655 630 1714 stella
645 1667 756 1723 333333
769 1652 871 1726 polos,

175 1738 273 1799 Tollet
284 1739 377 1798 humo
395 1737 515 1796 validos
530 1737 634 1812 proles
649 1735 765 1811 Hyriea
779 1737 919 1804 lacertos,

109 1829 164 1887 113
221 1821 371 1902 continua
382 1821 512 1895 Delphin
529 1826 619 1882 nocte
633 1818 786 1879 videndus
802 1819 867 1880 erit.

536 1953 586 2016 19.
607 1953 663 2013 BC

75 2078 81 2084 ’
176 2073 300 2135 Scilicet
312 2072 362 2133 hic
376 2074 449 2134 olim
462 2074 598 2134 Volscos
612 2075 805 2147 Aequosque
820 2073 941 2147 fugatos

217 2158 346 2218 Viderat
359 2157 391 2216 in
406 2157 538 2232 campis,
555 2157 667 2231 Algida
681 2164 775 2230 terra,
791 2157 866 2217 tuis:

175 2242 265 2303 Unde
280 2239 457 2301 suburbano
473 2243 588 2313 clarus,
602 2240 747 2313 Tuberte,
765 2241 927 2316 triumpho,

217 2326 333 2385 Vectus
349 2341 384 2385 es
398 2328 430 2384 13
444 2325 557 2398 313313,
573 2323 730 2399 Postume,
747 2327 843 2386 victor
856 2317 955 2399 equis.

111 2417 163 2473 715
177 2411 242 2470 Iam
257 2425 315 2468 sex
329 2415 360 2467 et
374 2409 500 2468 totidem
514 2411 599 2469 13333
617 2409 660 2468 de
671 2425 777 2469 mense
792 2414 966 2484 supersunt,

217 2491 295 2550 Huic
310 2507 404 2550 unum
421 2507 548 2553 numero
563 2497 709 2550 tutamen
725 2493 805 2551 adde
823 2494 913 2552 diem.

177 2574 231 2635 Sol
245 2573 307 2634 abit
321 2591 341 2633 3
353 2573 504 2649 Geminis,
521 2581 551 2634 et
567 2573 674 2634 Cancri
689 2575 778 2650 signa
791 2578 972 2638 rubescunu

219 2657 326 2733 Coepit
339 2658 492 2720 Aventina
505 2659 606 2718 Pallas
621 2658 651 2716 in
667 2674 738 2719 3333
754 2661 823 2721 ooli.

536 2793 588 2856 20.
612 2794 663 2853 GC

178 2913 320 2987 1333133,
335 2911 529 2985 Laomedon,
545 2913 640 2972 oritur
653 2929 764 2988 nums,
781 2917 909 2989 ortaque
924 2922 1044 2976 noctem

110 3003 164 3062 1311
217 2996 317 3068 Ρ31111,
334 3003 364 3056 31
379 3012 397 3055 3
412 2997 509 3072 pratis
524 2996 585 3056 uda
599 2995 708 3071 pruina
723 2996 812 3072 lugil:

142 3091 144 3106 ·
178 3080 323 3155 Reddita,
340 3081 481 3157 quisquis
497 3081 523 3140 is
540 3087 600 3150 est,
618 3079 782 3142 Summano
798 3082 911 3156 templa
926 3081 1069 3153 13333133,

218 3163 308 3239 run,
327 3181 396 3225 curn
410 3163 573 3236 Romanis,
587 3163 718 3238 Pyrrhe,
734 3166 887 3226 timendus
902 3180 981 3225 eras.

450 3294 501 3357 21.
524 3296 581 3356 DC
623 3297 750 3359 21.Εο

174 3415 264 3480 Hanc
278 3431 405 3492 quoque
421 3431 489 3475 curn
504 3417 610 3490 patriis
625 3417 750 3480 Galatea
765 3417 916 3496 receperit
931 3416 1033 3492 undis,

217 3499 374 3577 Plenaque
388 3513 518 3560 securae
531 3507 611 3561 terra
626 3503 736 3577 quietis
750 3499 816 3573 erit,
