2520 4012
158 220 200 285 as
386 297 387 300 Ν
552 215 780 280 rarsrnuu
820 195 823 198 ’

242 375 451 448 Desertaeque
466 371 576 432 donnus
593 370 703 442 vultus
719 383 934 444 memoresque
950 368 1085 444 sodales,

195 466 229 520 16
284 457 423 530 caraque
441 454 608 530 praecipue
623 451 761 527 coniugis
778 469 833 512 ora
847 467 943 512 meae.
1042 459 1050 465 ·

97 541 100 549 “
248 539 352 616 Stulte,
374 538 447 614 quid
460 539 537 599 haec
553 539 665 600 frustra
682 535 760 596 16111
776 535 943 610 puerilibus
959 543 1058 612 optas,

288 623 372 697 Quae
386 638 447 682 non
463 623 526 682 ulla
539 621 593 681 tibi
609 623 728 693 fertque
744 619 882 694 feretque
897 621 986 679 diest

249 705 281 766 Si
296 708 391 766 semel
407 705 572 781 optandum
591 709 646 776 est,
662 703 835 776 Augustum
850 718 961 762 numen
977 703 1081 782 adora,

287 790 325 849 Et
339 805 428 864 quern
445 789 580 861 sensisti,
594 787 652 846 rite
666 801 794 860 precare
812 787 912 847 deum.

201 874 302 934 151116
318 879 429 948 potens
443 885 624 947 pennasque
639 870 692 929 tibi
706 885 877 945 ourrusque
895 870 1040 930 volueres

290 955 432 1016 Tradere.
455 955 506 1016 det
519 954 658 1028 reditum,
676 954 815 1028 protinus
833 955 897 1014 ales
912 956 983 1015 eris.

250 1039 281 1100 Si
293 1053 402 1114 precer
415 1038 532 1112 lasea...
548 1037 740 1112 nequeenim
755 1052 884 1111 possum
897 1038 1013 1098 maiora
1028 1039 1184 1112 precari...

286 1123 331 1184 Ne
345 1139 414 1182 mea
432 1122 500 1196 sint,
514 1122 616 1196 timeo,
632 1127 705 1180 vota
721 1121 860 1182 modesta
875 1137 991 1196 parum.

248 1207 387 1268 Forsitan
403 1205 463 1266 hoe
478 1207 557 1281 olim,
575 1221 644 1266 curn
658 1205 717 1263 iarn
732 1205 888 1266 satiaverit
902 1206 986 1280 iram,

203 1300 239 1354 20
292 1292 377 1350 Tune
393 1305 517 1366 quoque
532 1289 661 1350 sollicita
675 1296 775 1350 mente
792 1289 950 1363 rogandus
965 1288 1031 1349 erit.

252 1375 340 1448 Quod
353 1375 453 1434 minus
473 1373 588 1434 interea
603 1379 657 1446 est,
673 1371 770 1431 instar
784 1373 856 1432 mihi
871 1373 1005 1433 muneris
1024 1372 1125 1446 ampli,

288 1457 335 1516 Ex
349 1456 398 1517 his
411 1472 460 1516 me
474 1457 576 1518 iubeat
591 1455 727 1530 quolibet
741 1455 786 1514 ire
800 1457 886 1516 loeis,

250 1541 313 1601 1166
329 1543 455 1613 caelum,
471 1553 528 1600 nee
544 1553 643 1614 aquae
658 1538 781 1612 faciunt,
797 1555 854 1600 nee
869 1547 958 1614 terra,
974 1554 1031 1600 neo
1051 1553 1155 1599 aurae.

290 1624 327 1684 Ei
342 1623 423 1698 mihi,
438 1629 607 1698 perpetuus
624 1638 755 1696 corpora
769 1623 899 1698 languor
912 1623 1013 1684 habet.

201 1718 239 1770 25.
251 1706 313 1788 Seu
328 1707 436 1766 vitiant
448 1713 533 1766 artus
551 1721 664 1782 aegrae
679 1707 820 1781 contagia
837 1707 955 1779 mentis,
1016 1750 1020 1756 ,

292 1789 365 1850 Sive
378 1790 438 1849 mei
455 1805 549 1850 causa
564 1790 654 1850 estin
669 1790 796 1864 regione
809 1791 896 1850 mali:
980 1834 985 1844 .

251 1875 290 1936 Ut
306 1873 390 1948 tetigi
404 1873 542 1947 Pontum,
558 1879 672 1934 vexant
686 1874 846 1948 insomnia,
863 1871 977 1948 vixque
1084 1913 1086 1916 -
1172 1884 1176 1904 ²

293 1956 373 2018 Ossa
389 1958 463 2032 tegit
479 1955 593 2018 nraoies
611 1973 669 2016 neo
684 1957 768 2018 iuvat
782 1974 837 2018 ora
852 1957 947 2020 cibus

223 2083 227 2089 -
253 2039 372 2118 Quique
388 2056 445 2115 per
460 2046 636 2102 autumnum
651 2041 810 2116 percussis
826 2041 937 2116 frigore
953 2041 1050 2116 primo

202 2133 237 2188 30
288 2125 345 2186 Est
361 2126 446 2186 color
461 2125 491 2184 in
506 2125 597 2200 follis,
614 2140 694 2200 quae
709 2140 790 2186 nova
803 2125 893 2186 laesit
906 2125 1013 2196 hiems,

251 2209 281 2268 Is
296 2224 365 2268 mea
379 2206 513 2270 membra
528 2210 628 2270 tenet.¹
640 2223 698 2268 nee
712 2207 827 2270 viribus
843 2207 970 2268 adlevor
986 2208 1065 2281 uilio,

293 2291 509 2367 Etnumquann
526 2293 644 2367 queruli
661 2307 755 2352 eausa
771 2292 886 2354 doloris
902 2292 998 2354 abest.

252 2374 315 2434 Neo
330 2375 438 2434 melius
452 2366 551 2449 valeo,
570 2391 661 2450 quarn
674 2391 813 2451 corpore,
828 2382 938 2436 mente.
960 2375 1016 2436 sed
1032 2389 1126 2450 aegra
1137 2381 1190 2434 est

294 2457 431 2532 Utraque
447 2475 519 2533 pars
534 2474 634 2534 aeque
648 2458 783 2534 binaque
799 2461 909 2520 damna
923 2461 998 2519 fero.

202 2550 236 2607 35
253 2539 366 2600 Haeret
380 2548 409 2600 et
427 2549 496 2602 ante
511 2543 619 2603 oeulos
634 2543 726 2603 veluti
743 2543 912 2618 spectabile
926 2559 1039 2618 eorpus
1060 2538 1066 2548 '

294 2623 384 2684 Astat
398 2627 539 2686 fortunae
554 2627 651 2688 forma
665 2625 797 2700 legenda
811 2643 915 2688 nreae=

255 2707 1191 2786 Cumquelocummoresquehonrinumcultusquesonuinque

297 2792 464 2868 Cernimus,
480 2802 510 2856 et
524 2794 596 2870 quid
614 2795 671 2854 sim
688 2793 762 2869 qnid
777 2794 956 2870 fuerimque,
972 2793 1062 2868 subit,

254 2874 367 2934 Tantas
383 2891 468 2938 amor
480 2881 566 2936 neeis
582 2885 638 2952 est,
655 2893 766 2953 querar
782 2886 814 2941 ut
827 2893 896 2937 eum
912 2877 1051 2938 Caesaris
1066 2876 1120 2952 ira,

205 2965 239 3018 40
296 2957 381 3030 Quod
398 2976 459 3020 non
475 2959 611 3020 offensas
623 2961 756 3022 vindicet
771 2977 846 3022 ense
862 2977 945 3022 suas.

195 3117 202 3128 ι
247 3039 289 3101 At
305 3043 448 3114 quoniam
468 3046 562 3106 semel
578 3050 625 3104 est
639 3045 711 3107 odio
726 3043 853 3106 civiliter
867 3061 952 3119 usus,

289 3123 403 3186 Mutato
422 3127 519 3190 levior
534 3128 573 3190 sit
590 3127 663 3202 fuga
677 3133 783 3190 nostra
797 3131 877 3190 1666.

567 3239 778 3250 ---——..

190 3257 230 3350 9.
249 3255 309 3354 flia
321 3293 446 3370 quoque
458 3303 529 3356 sunt
539 3297 629 3371 igitur
641 3299 749 3358 Graiae
796 3296 864 3373 quis
878 3295 1036 3357 erederett
1088 3291 1195 3354 urbes

293 3377 374 3440 Inter
388 3378 570 3439 inhumanae
584 3381 707 3442 nomina
720 3380 902 3443 barbariae?

253 3460 320 3520 llue
336 3479 460 3540 quoque
473 3462 577 3524 Mileto
592 3464 678 3526 missi
693 3481 806 3528 venere
822 3465 933 3540 coloni,
