2454 4004
441 241 493 316 tv,
515 237 692 307 eet-332.

74 401 127 456 aet
141 393 315 455 Procedant
331 395 444 470 pariter
460 400 572 453 matres
588 401 741 472 nataeque
755 413 911 474 nurusque
962 432 966 440 ·

181 477 329 552 Quaeque
344 479 447 537 colunt
467 485 591 538 sanctos
606 479 778 554 virginitate
793 483 891 542 locos.

138 561 254 623 Sedula
269 562 340 622 lune
354 561 412 621 viri
427 567 569 622 contento
584 563 728 622 bracchia
741 566 868 626 lassant.

179 646 240 705 Vix
256 645 338 705 subit
352 645 502 704 adversas
517 645 641 720 hospita
656 648 742 707 navis
759 665 867 723 aquas.

141 728 231 790 Sicca
246 729 299 789 diu
313 729 411 788 luerat
425 729 524 788 tellus.
555 730 621 790 sitis
639 738 758 791 usserat
772 731 897 792 herbas:

71 814 127 868 300
182 813 268 874 Sedit
283 813 393 873 limoso
411 828 521 887 pressa
536 815 639 874 carina
652 815 747 875 vado.

139 895 284 970 Quisquis
300 897 390 956 adest
404 896 506 970 operi,
524 897 593 971 plus
610 914 699 972 quam
715 915 771 973 pro
790 907 875 974 parte
889 900 1017 976 laborat,

178 979 313 1039 Adiuvat
327 985 356 1037 et
370 979 457 1039 lortis
472 991 549 1038 voce
564 989 694 1042 sonante
709 998 827 1042 manue.

136 1061 191 1122 Ille
207 1063 289 1122 velut
302 1062 403 1120 medio
420 1063 537 1122 stabilis
553 1064 641 1124 sedet
654 1066 755 1124 insula
770 1075 874 1140 ponto.

132 1181 135 1186 ι
174 1145 300 1206 Attoniti
315 1151 451 1204 monstro
468 1153 610 1219 stantque
624 1157 800 1223 paventque
813 1150 880 1208 viri.

69 1228 121 1282 305
139 1229 265 1290 Claudia
280 1227 390 1301 Quinta
404 1244 502 1302 genus
519 1227 630 1288 Clauso
645 1231 798 1290 referebat
812 1233 849 1291 ab
871 1235 941 1306 alto,

175 1313 239 1372 Nee
253 1312 349 1372 facies
364 1312 463 1387 impar
477 1311 634 1373 nobilitate
649 1314 718 1374 luit:

136 1397 226 1458 Casto
242 1396 382 1474 quidem,
400 1397 457 1456 sed
478 1413 538 1456 non
558 1402 587 1458 et
601 1398 726 1457 credita.
755 1415 861 1458 rumor
874 1399 997 1472 iniquus

112 1515 124 1524 -ι
173 1481 332 1554 Laeserat,
349 1487 380 1540 et
393 1480 463 1542 falsi
479 1481 612 1543 criminis
634 1487 701 1540 acte
714 1497 768 1541 rea
783 1489 838 1542 est.

135 1565 239 1626 Cultus
255 1564 414 1625 et'ornatis
429 1565 514 1624 varie
529 1565 673 1639 prodisse
688 1565 806 1640 capillis
841 1593 844 1596 ·

68 1653 120 1707 310
177 1647 293 1725 Obicit,
310 1649 350 1710 ad
365 1648 481 1722 rigidos
498 1655 703 1724 promptaque
719 1649 822 1724 lingua
838 1666 938 1710 senes.

132 1732 266 1794 conscia
280 1749 367 1792 mens
382 1734 457 1793 recti
473 1735 573 1794 lamae
586 1733 748 1794 mendacia
762 1733 842 1792 risit:

174 1817 237 1877 Sed
251 1833 309 1878 nos
323 1819 354 1877 in
370 1817 474 1876 vitium
490 1817 614 1877 credula
627 1818 716 1878 turba
731 1833 845 1876 sumus.

131 1901 217 1960 Haec
231 1901 283 1961 ubi
299 1908 452 1979 castarum
467 1900 620 1976 processit
635 1901 672 1960 ab
689 1902 809 1976 agmine
824 1906 960 1972 matrum,

173 1985 211 2044 Et
226 1983 367 2044 manibus
384 2001 491 2059 puram
506 1985 640 2045 fluminis
656 1985 758 2045 hausit
772 1998 891 2060 aquam,

69 2079 119 2134 315
133 2067 192 2128 Ter
207 2075 301 2144 caput
316 2068 445 2142 inrorat,
461 2076 507 2128 ter
520 2068 598 2130 tollit
611 2069 642 2127 in
658 2069 781 2128 aethera
796 2069 957 2143 palmas...

171 2153 361 2228 Quicumque
377 2153 541 2228 aspiciunt,
557 2159 658 2214 mente
673 2168 778 2212 carere
791 2158 925 2227 putant...

131 2236 366 2311 Summissoque
382 2252 462 2311 genu
477 2239 579 2296 voltus
593 2237 624 2295 in
639 2236 770 2310 imagine
785 2237 874 2294 divae

171 2319 266 2394 Figit,
285 2327 315 2378 et
331 2321 390 2379 hos
406 2319 469 2379 edit
483 2321 565 2378 crine
582 2321 700 2380 iacente
716 2335 828 2380 sonos:

133 2402 332 2478 ³tSupplicis,
347 2405 440 2476 alma,
458 2410 542 2475 tuae,
559 2403 690 2477 genitrix
704 2403 856 2463 foecunda
870 2403 1005 2478 deornm,

71 2491 122 2544 32⁰
174 2487 292 2561 Accipe
308 2487 365 2549 sub
382 2493 464 2546 certa
480 2487 662 2548 condicione
678 2502 797 2561 preces.

136 2573 224 2632 Casta
238 2587 343 2645 negor.
371 2569 406 2630 Si
421 2576 454 2630 tu
467 2570 612 2644 damnas,
628 2571 779 2630 meruisse
794 2569 926 2630 fatebor:

112 2677 113 2680 ¹
142 2657 145 2667 “
173 2652 272 2714 Morte
285 2656 366 2714 loom
380 2669 499 2728 poenas
514 2655 614 2714 iudice
630 2654 709 2714 victa
724 2655 792 2713 dea.

136 2739 212 2812 Sed,
228 2739 255 2798 si
271 2739 383 2798 crimen
399 2737 502 2811 abest,
517 2746 548 2798 tu
564 2744 687 2797 nostrae
702 2739 832 2813 pignore
844 2737 924 2794 vitae

174 2823 220 2882 Re
236 2821 340 2896 dabis,
357 2828 386 2882 et
402 2829 502 2882 castas
519 2829 604 2882 easta
619 2837 751 2896 sequere
764 2827 911 2881 manus.”
974 2838 977 2842 ’

73 2916 123 2970 305
138 2905 232 2978 Dixit,
250 2913 280 2966 et
293 2906 405 2980 exiguo
423 2907 526 2966 sunem
541 2907 700 2966 conamine
714 2906 814 2965 traxit.

174 2989 265 3062 Mira,
280 2990 338 3050 sed
353 2998 383 3048 et
398 3005 511 3050 scaena
525 2991 688 3050 testificata
702 2992 825 3062 loquar:

136 3073 217 3133 illota
228 3075 287 3134 deo
298 3080 354 3148 cst,
372 3075 571 3148 sequiturque
579 3070 701 3145 ducem,
717 3073 884 3146 laudatque
895 3073 1066 3146 sequendo.

177 3157 272 3216 lndex
286 3157 418 3225 loetitiae
436 3159 530 3218 lentur
544 3159 671 3218 inostro
686 3173 792 3218 sonus.

136 3238 278 3302 Fluminis
294 3242 334 3301 ad
349 3241 465 3301 flexum
481 3241 639 3314 veniunt,..
655 3241 796 3300 Tiberina
810 3239 931 3314 priores

74 3325 126 3381 330
177 3325 261 3386 Atria
275 3326 448 3388 dixerunt...
463 3327 548 3384 unde
561 3325 683 3384 sinister
698 3326 769 3386 abit.

137 3405 203 3466 Nox
217 3407 331 3469 aderat.
364 3425 479 3490 querno
495 3411 654 3483 religante
671 3408 772 3483 stipite
788 3409 900 3479 lenem,

177 3491 315 3567 Dantque
330 3493 391 3553 levi
406 3509 515 3554 somno
537 3509 668 3569 corpora
682 3494 786 3554 iuncta
801 3488 880 3548 cibo.
