2524 4004
334 255 337 262 Ι
493 174 552 240 -1‚
573 169 731 236 att-102.

155 332 190 396 65
204 326 276 388 Iane
292 325 416 406 biceps,
431 325 503 404 anni
518 325 608 387 tacite
623 325 751 388 labentis
772 326 868 402 origo,
895 401 897 406 Ι

249 409 340 474 sotus
361 411 401 472 de
416 409 537 486 superis
553 410 605 486 qui
619 417 671 470 tua
685 416 772 486 terga
787 409 885 485 vides,

185 531 189 538 v
205 494 319 555 Dexter
334 495 410 555 ades
426 493 571 568 duribus,
588 507 719 570 quarum
735 509 846 556 secura
860 495 967 558 labore

249 577 316 640 Otia
330 587 412 641 terra
425 577 529 650 ferax,
545 577 607 637 otia
620 582 734 652 pontus
750 575 857 638 habult

197 660 319 724 ¹Dexter
337 661 414 724 ades
429 658 632 736 patribusque
646 661 705 722 luis
722 663 903 738 populoque
918 661 1044 739 Quirini,

4 823 6 830 s
78 769 81 772 ·
153 753 190 810 70
221 819 224 823 ¹
243 745 281 805 Et
294 761 400 810 resera
414 749 488 806 nutu
503 743 636 820 eandida
649 733 767 822 templa*
775 750 840 820 tuo.

203 829 358 907 Prospera
371 831 424 916 luti
439 826 544 888 oritur.
572 827 684 903 linguis
700 829 871 904 animisque
887 829 1002 892 favete!

204 978 208 983 .
248 913 333 974 Nune
348 911 481 984 dieenda
495 913 578 974 bona
592 920 664 974 sunt
680 913 762 975 buna
777 912 874 974 verba
893 913 953 975 die.
1140 984 1141 990 ἵ

202 996 268 1058 Lite
283 1002 394 1060 vacent
408 1011 515 1072 aures,
531 995 703 1071 insanaque
721 998 863 1072 protinus
879 997 980 1059 absint

247 1080 356 1156 Iurgia.
386 1078 477 1140 differ
493 1095 590 1154 opus,
606 1079 700 1154 livida
714 1079 817 1155 turba,
833 1088 926 1141 tuum.
1087 1085 1089 1088 ’

153 1170 189 1230 ta
204 1163 322 1238 cernis,
337 1163 477 1228 odoratis
493 1169 526 1224 ut
545 1163 646 1224 luceat
660 1163 782 1237 ignibus
797 1163 913 1237 aether,

246 1247 284 1310 m
297 1254 388 1310 sonet
403 1247 547 1308 aucensis
560 1247 649 1323 spica
664 1247 774 1306 Cilissa
788 1248 890 1308 locist
951 1243 955 1258 ¹
975 1255 977 1262 ’

143 1363 147 1376 ·
205 1329 338 1394 Flamma
352 1331 451 1392 nitore
467 1345 524 1392 suo
539 1330 722 1405 templorum
737 1329 879 1390 verberat
894 1347 1012 1408 aurum,

246 1415 284 1476 El
296 1415 459 1478 tremulmn
473 1430 593 1496 summa
608 1414 725 1500 spargit
738 1415 770 1474 in
789 1413 867 1474 aede
882 1415 979 1476 iubar.
1041 1457 1049 1470 .

204 1499 353 1561 Vestibus
366 1499 488 1562 intactis
501 1497 648 1576 Tarpeias
662 1497 724 1562 itur
737 1499 772 1560 in¹
784 1503 882 1574 areas

32 1577 35 1581 ’
141 1590 189 1662 ,80
242 1583 280 1644 Et
293 1583 430 1661 populus
444 1581 525 1666 leste
541 1583 689 1668 eoatolor
702 1584 771 1660 ipse
785 1597 843 1644 suo
860 1588 917 1644 est.

203 1668 330 1745 Iamque
342 1667 416 1729 novi
429 1671 581 1744 praeeunt
594 1667 712 1743 fasces,
727 1682 810 1730 nova
823 1683 959 1744 purpura
973 1666 1075 1744 fulget,

109 1757 112 1762 '
137 1767 142 1809 ῑ,
160 1777 163 1782 ·
218 1775 220 1782 s
244 1750 378 1814 Etanna
392 1749 594 1834 conspicuum
607 1751 749 1838 pondera
763 1751 855 1812 sentit
870 1751 957 1814 ebur.

122 1893 127 1910 ,,
157 1892 158 1897 ,
204 1834 289 1906 Colla
301 1835 396 1900 rudes
411 1851 540 1915 operum
553 1834 702 1913 praebent
715 1834 853 1895 ferienda
868 1834 997 1910 iuvenci,

247 1919 331 1995 Quos
345 1919 420 1981 aluit
435 1919 552 1999 eampis
568 1917 663 1981 herba
678 1919 800 1980 Falisca
815 1919 890 1980 suis.

4 2010 6 2018 ’
84 1991 88 1996 ’
108 2055 112 2063 .
148 1993 187 2068 '85
201 2003 338 2081 luppiter
352 2016 424 2067 aree
438 2021 496 2067 sue
511 2010 608 2067 totum
622 2019 691 2065 eum
706 2009 828 2080 speetel
840 2003 871 2065 in
889 2001 1002 2078 orbem,

35 2143 37 2150 A
215 2157 217 2162 ,
244 2087 292 2148 Nil
306 2088 366 2150 nisi
378 2089 564 2164 Romanum,
581 2087 666 2165 quod
678 2093 813 2161 tueattu,
828 2084 930 2146 habet.

42 2177 45 2200 ³
142 2165 145 2174 ’
204 2171 313 2247 Salve,
329 2173 411 2233 laete
425 2173 509 2249 dies,
529 2173 699 2249 meliorque
712 2175 868 2233 revertere
883 2183 1015 2246 semper,

101 2316 105 2325 .
138 2253 167 2260 ”
245 2259 272 2314 Α
286 2257 407 2346 pupplo
427 2273 528 2320 rerum
544 2253 862 2335 dignapotenteeoli.
1085 2267 1089 2274 ·

202 2338 298 2412 Quem
311 2347 415 2403 tamen
434 2357 506 2402 esse
520 2339 613 2402 deum
626 2347 657 2404 te
671 2340 786 2414 dicam,
801 2338 874 2400 Iane
889 2337 1049 2398 biformis?

74 2491 76 2494 ,
112 2443 116 2446 ·
150 2429 186 2487 90
242 2423 317 2484 Nam
332 2423 387 2485 tibi
402 2441 460 2502 par
474 2424 589 2488 nullum
606 2424 735 2486 Graecia
747 2439 861 2484 numen
875 2421 976 2482 habet.
1099 2471 1104 2484 .

1 2497 2 2530 l
111 2517 113 2522 ·
199 2505 265 2568 Ede
280 2509 371 2574 siunt
385 2523 526 2584 eausam,
543 2525 597 2572 eur
612 2509 652 2570 de
668 2507 854 2572 caelestibus
868 2521 947 2567 unus

245 2589 352 2669 Sitque
369 2590 454 2672 quod
467 2609 487 2652 a
501 2601 603 2670 tergo,
623 2595 724 2670 sitque
740 2589 826 2668 quod
840 2596 925 2661 ante,
941 2587 1051 2648 vides?

202 2673 287 2736 Haec
302 2691 360 2762 ego
375 2693 446 2740 eum
460 2677 590 2754 sumptis
604 2677 752 2753 agitarem
767 2679 867 2735 mente
880 2671 1010 2746 tabellis,

113 2799 115 2806 ·
224 2748 389 2822 ''Lucidior
401 2761 471 2825 visa
486 2767 549 2834 est,
565 2777 657 2836 quam
672 2759 726 2836 luit
740 2764 826 2830 ante,
843 2756 965 2816 domus.

89 2851 92 2856 '
149 2847 185 2905 9⁵
199 2841 282 2904 Tune
297 2844 528 2922 sacer-ancipiti
541 2843 698 2906 mirandus
714 2842 847 2918 imagine
861 2839 953 2900 Ianus

84 2925 86 2931 '
233 2925 320 3004 ‚Bina
332 2944 446 3008 repens
462 2929 560 2990 oeulis
581 2927 688 2990 obtulit
702 2943 758 2988 ora
771 2926 859 2988 meis.
899 2931 903 2938 '

189 3005 351 3094 Obstipui,
368 3011 516 3094 sensique
530 3019 613 3076 metu
626 3011 760 3088 riguisse
775 3008 915 3086 eupillos,

163 3146 166 3150 -
241 3093 279 3164 Et
290 3093 427 3170 gelidum
442 3095 543 3158 subito
558 3097 671 3171 nigore
685 3100 793 3172 peetus
809 3099 884 3154 erat.

200 3176 253 3236 ille
267 3185 377 3242 tenens
390 3177 534 3244 baeulum
549 3179 658 3240 dextra
677 3179 858 3254 clavemque
872 3173 996 3236 sinislra

128 3257 183 3339 lob
236 3259 342 3346 Edidit
354 3263 413 3324 hos
429 3261 519 3325 nobis
531 3278 589 3328 ¹ore
604 3263 707 3340 priore
722 3276 835 3324 sanese

147 3360 153 3375 ·
197 3335 403 3413 ‘piscantem
417 3347 534 3424 posito,
549 3353 636 3408 vates
652 3360 789 3426 operpse
802 3345 929 3417 dierum,

183 3455 188 3496 z
219 3428 222 3433 ’
240 3427 332 3502 Quod
346 3431 487 3513 petis‚fet
501 3445 597 3492 voees
612 3429 739 3510 percipe
753 3435 854 3503 mente
871 3434 968 3486 meas.
