2454 4004
154 241 218 305 336
529 235 785 306 instituunt

175 402 228 458 tat
241 391 346 468 Surgit
362 389 457 452 humo
472 361 592 449 iuvenis
606 389 675 450 telis
690 389 814 452 afflatas
829 391 931 466 avitis,

283 477 321 537 Et
334 474 456 550 gemino
472 487 572 532 nexas
581 473 710 548 porrigit
724 491 825 552 angue
839 492 959 537 manus.

240 563 338 622 Notus
354 573 441 618 aanor
454 555 628 631 Phaedrae,
639 564 716 618 nota
732 565 780 619 est
793 557 905 620 iniuria
917 559 1051 622 Theseis

284 642 417 706 Devovit
430 648 534 701 uatum
549 641 694 702 medulae
708 641 760 702 ille
774 657 875 704 suam.

243 729 311 789 Non
325 727 450 802 impune
465 726 536 800 pius
550 725 671 786 iuvenis
685 727 844 788 Troezena
859 727 1000 804 petebat:

178 814 232 872 'lle
287 811 403 871 Dividit
419 809 577 870 obstantes
593 816 720 885 pectore
733 817 840 872 taurus
856 827 964 887 aquas.

245 893 372 959 Solliciti
385 900 536 954 terrentur
550 895 637 969 equi,
654 895 830 970 frustraque
843 895 952 956 retenti

120 975 125 981 ’
285 981 344 1040 Per
358 979 507 1055 scopulos
523 977 679 1038 dominum
693 979 835 1054 duraque
850 995 928 1040 saxa
942 979 1077 1040 uehunt.

243 1064 410 1126 Exciderat
424 1079 529 1138 carna,
544 1061 682 1138 lorisque
697 1061 886 1124 morantibus
900 1069 984 1124 artus

286 1148 476 1226 Hippolytus
489 1147 593 1206 lacero
608 1160 741 1222 corpore
754 1154 863 1223 raptus
877 1154 951 1221 erat,

181 1239 232 1299 ⁷45
247 1231 498 1304 Reddideratque
512 1230 659 1305 animam,
674 1231 801 1292 multuo
814 1231 992 1307 indignante
1005 1231 1118 1292 Diana.

286 1317 400 1376 ‘Nulla'
413 1314 582 1375 Coronides
596 1319 706 1375 ‘causa
717 1316 849 1378 doloris’
866 1317 922 1376 ait=

244 1401 394 1475 ‘Namque
408 1399 461 1473 pio
476 1398 580 1460 iuveni
594 1399 689 1459 vitam
705 1399 772 1460 sine
786 1400 915 1460 volnere
929 1399 1067 1471 reddam,

284 1485 323 1544 Et
337 1483 448 1542 cedent
462 1484 517 1542 arti
533 1482 632 1542 tristia
646 1484 708 1544 iata
722 1489 832 1544 meae!

245 1569 388 1630 Gramina
403 1566 547 1628 continuo
563 1567 672 1628 loculis
688 1569 841 1642 depromit
854 1567 1027 1627 eltumisz...

178 1655 230 1714 tto
285 1652 466 1712 Proiuerant
481 1651 586 1712 Glauci
601 1651 742 1712 manibus
757 1651 809 1711 illa
823 1653 918 1727 prius,

244 1737 344 1812 Tunc,
360 1751 427 1796 curn
441 1733 623 1796 observatas
638 1736 747 1810 angaris
763 1735 924 1796 descendit
937 1735 968 1792 in
981 1732 1120 1806 tunbras,

286 1822 370 1882 Usus
385 1826 415 1879 et
428 1819 542 1879 auxilio
557 1826 605 1879 est
619 1835 717 1894 augur
731 1819 770 1880 ab
785 1833 885 1896 angue
900 1818 972 1878 dato
981 1837 1020 1882 a...

243 1905 373 1966 Pectora
387 1899 433 1962 ter
447 1903 556 1979 tetigit,
572 1911 617 1963 ter
632 1903 728 1964 verba
742 1903 877 1965 salubria
892 1901 982 1963 dixit:

286 1987 467 2065 Depositum
482 1995 562 2048 terra
577 1988 699 2048 sustulit
717 1988 767 2048 ille
783 1994 882 2064 caput.

181 2087 232 2143 ⁷55
247 2072 348 2138 lucus
364 2087 433 2154 eum
452 2071 649 2148 nemorisque
664 2072 721 2146 tui,
735 2071 905 2150 Dictynna,
922 2083 1068 2130 recessus

213 2151 219 2166 ‘
252 2195 255 2200 -
288 2157 385 2219 Celata
415 2155 541 2216 Aricino
558 2155 684 2216 Virbius
699 2156 751 2216 ille
765 2156 844 2216 lacu.

244 2245 285 2304 At
301 2241 468 2319 clymenus
485 2240 655 2314 Clothoque
669 2240 786 2300 dolent.
815 2239 908 2313 haec,
924 2238 978 2297 fila
991 2233 1104 2305 reneri,

286 2325 358 2397 Hic,
374 2324 441 2384 fleri
455 2325 541 2399 regni
557 2324 624 2385 iura
638 2324 756 2385 minora
773 2323 833 2384 sui.

244 2409 395 2484 Iuppiter,
410 2409 583 2483 exemplum
600 2409 730 2482 veritae,
746 2405 859 2468 direxit
874 2405 905 2466 in
919 2404 1021 2479 ipsum

181 2501 233 2558 760
289 2490 441 2565 Fulmina,
462 2492 514 2564 qui
529 2491 640 2551 nimiae
655 2497 796 2552 moverat
808 2491 883 2552 artis
899 2503 998 2564 opem.

242 2574 382 2648 Phoebe,
402 2574 590 2650 querebaris.
623 2575 701 2636 deus
717 2581 779 2651 est,
795 2575 920 2652 placare
935 2568 1070 2646 parenti:

286 2660 415 2735 Propter
430 2665 475 2733 te,
489 2659 563 2720 lieri
579 2661 664 2736 quod
679 2666 777 2733 vetat,
797 2659 866 2734 ipse
886 2656 965 2716 lacit.
1007 2697 1010 2704 .

605 2792 657 2854 23.
680 2791 733 2852 FC

242 2909 444 2985 relegata,
461 2908 601 2984 quamvis
617 2906 800 2983 properabis
815 2905 955 2976 vincere,
972 2900 1096 2976 Caesar,

287 2991 321 3054 Si
337 2999 418 3054 vetet
435 2992 621 3068 auspicium,
637 2991 726 3066 signa
739 3004 865 3052 movere
879 2986 981 3047 velim.

181 3083 233 3141 ‘lte
249 3076 316 3138 Sint
329 3075 383 3136 tibi
397 3076 566 3138 Flaminius
580 3076 822 3149 Trasimenaque
836 3073 926 3134 litora
939 3075 1046 3142 testes,

285 3158 344 3219 Per
358 3161 503 3221 volueres
518 3175 638 3237 aequos
654 3159 748 3220 multa
762 3173 890 3219 monere
905 3155 994 3214 deos.

241 3246 394 3320 Tempora
409 3245 436 3303 si
457 3245 569 3306 veteris
584 3244 708 3320 quaeris
722 3243 886 3304 temeraria
901 3237 1014 3310 damni,

286 3327 417 3402 Quartus
434 3329 472 3387 ab
488 3337 625 3391 extremo
642 3344 749 3389 mense
762 3327 812 3388 bis
827 3327 878 3386 ille
894 3323 973 3384 dies.

242 3410 371 3470 Postera
385 3410 438 3470 lux
452 3412 569 3472 melior.
599 3412 732 3488 Superat
745 3411 912 3474 Masinissa
926 3404 1119 3484 Syphacem,

180 3495 231 3550 tte
286 3491 324 3552 Et
340 3493 450 3554 cecidit
464 3495 532 3555 telis
547 3495 723 3558 Hasdrubal
743 3497 814 3572 ipse
828 3494 905 3556 suis.
