2454 4004
460 242 518 318 tv,
536 191 716 306 'sse-ort.
957 252 959 256 ·
1034 247 1096 310 aas

87 405 150 472 ,590
207 396 343 470 Cognita
375 397 531 456 commissi
546 397 804 473 praemia-rapior
820 397 921 460 habet.
1085 460 1091 474 *v

92 545 94 553 s
163 483 205 540 At
218 495 318 556 neque
331 479 529 554 Persephone
544 480 637 554 digna
652 489 700 542 est
715 483 873 556 praedone
888 481 1006 559 marito,

185 563 268 626 Neo
282 579 377 640 gener
391 563 451 624 hoc
465 563 554 624 nobis
569 580 654 624 more
668 566 825 661 parandus
842 573 916 625 erat.

85 644 87 653 '
108 638 243 722 outo
257 648 382 724 gravius
396 649 511 708 victore
528 647 594 723 Gye
609 650 730 723 captiva
741 649 890 722 tulissem,

2 795 7 803 ,
94 773 98 788 .
206 732 301 806 Quam
317 731 532 792 nuncteoaelt
547 739 669 808 sceptra
686 739 834 792 tenentet
778 733 898 792 ttulit

92 814 148 880 '⁶95
160 816 303 876 Verum
295 830 419 890 impune
434 817 519 888 ierat,
543 831 600 874 nos
615 817 692 876 haec
709 816 858 891 patiemur
873 818 1003 877 inultae.

202 899 338 972 Reddat,
360 905 390 958 et
404 901 545 958 emendet
560 900 640 960 lacta
655 901 759 975 priora
778 900 890 960 novis?

161 983 299 1056 Iuppiter
313 981 393 1040 hunc
408 983 495 1055 lenit,
516 983 691 1064 lectumque
707 991 835 1044 excusat
850 999 965 1060 amore,

203 1065 277 1129 ‘Nec
292 1079 389 1138 gener
403 1071 451 1124 est
467 1064 556 1124 nobis
571 1067 622 1124 ille
636 1068 813 1140 pudendus’
829 1067 879 1126 ait.

162 1147 241 1208 ‘Non
256 1163 315 1222 ego
330 1147 471 1208 nobilior.
500 1149 603 1223 posita
618 1158 666 1209 est
680 1147 753 1210 milri
767 1152 851 1226 regia
872 1152 975 1212 caelo:

97 1243 148 1298 600
201 1230 345 1292 Possidet
359 1231 435 1290 alter
450 1247 564 1305 aquaS,
575 1233 657 1291 *alter
671 1233 761 1291 inane
777 1235 883 1293 chaos.

163 1316 225 1376 Sed
240 1317 266 1375 si
282 1315 360 1374 forle
374 1313 428 1374 tibi
444 1327 504 1376 non
520 1324 568 1375 est
582 1316 728 1376 mutabile
743 1323 861 1390 pectus

204 1400 238 1459 S
227 1407 331 1474 atque
346 1401 440 1458 semel
455 1399 547 1458 iuncti
561 1414 703 1474 rumpere
717 1400 819 1460 vincla
834 1399 899 1471 ιοιι,

116 1485 227 1547 Hoc
244 1499 368 1558 quoque
382 1489 576 1625 temptemus,
600 1483 771 1559 siquidem
764 1484 866 1544 ieiuna
880 1485 1038 1586 remansit

26 1625 29 1630 .
202 1565 232 1626 Si
248 1567 363 1640 minus,
383 1567 412 1626 in
416 1567 492 1625 ierni
508 1567 646 1642 coniugis
661 1583 741 1626 uxor
757 1568 834 1626 erit?
1117 1582 1121 1588 ·

97 1659 147 1714 605
165 1653 234 1710 Tart
223 1657 290 1730 tara
303 1651 407 1710 iussus
423 1651 487 1710 adit
502 1652 632 1748 sumptis
649 1651 806 1710 caducifer
821 1651 887 1724 alie,

202 1733 328 1810 Speque
341 1733 420 1794 redit
436 1734 524 1794 citius
540 1735 670 1809 visaque
686 1742 768 1794 certa
783 1735 886 1794 refert.

162 1821 273 1894 ‘Rapta
287 1816 396 1880 tribus’
413 1818 489 1878 dixit
503 1819 609 1878 ‘solvit
626 1817 740 1878 ieiunia
754 1818 869 1892 granis

146 1902 147 1910 ’
200 1902 315 1975 Punica
330 1917 410 1978 quae
423 1903 505 1961 lento
521 1903 634 1961 cortice
648 1917 741 1976 poma
754 1906 883 1976 tegunt!

161 1986 249 2046 Haud
266 2001 356 2046 secus
372 1985 517 2059 indoluit,
541 2001 632 2060 quarn
649 1987 783 2046 simodo
799 1992 888 2060 rapto
903 1984 1021 2058 fuisset,

98 2078 150 2132 610
206 2070 324 2130 Maesta
339 2085 461 2144 parens.
490 2071 583 2144 longa
597 2070 713 2145 vixque
727 2071 843 2130 relecta
857 2083 943 2128 mora
957 2077 1013 2128 est.

163 2154 320 2226 Atqueita
337 2153 411 2212 ‘Nec
426 2153 516 2214 nobis
532 2155 651 2212 caelum
667 2160 715 2214 esi
730 2153 906 2219 habitabile’
922 2152 1012 2213 dixit:

40 2275 53 2294 ι.
169 2299 172 2310 ,
202 2235 362 2296 ‘Taenaria
375 2237 471 2312 recipi
486 2253 535 2296 me
551 2253 675 2312 quoque
689 2238 769 2296 valle
783 2236 877 2296 iube?

161 2321 198 2380 Ει
213 2322 329 2380 lactura
343 2321 407 2380 luit.
436 2328 544 2398 pactus
559 2322 619 2398 nisi
634 2321 768 2395 luppiter
783 2328 875 2396 esset,

83 2429 88 2436 ·
202 2404 255 2463 Bis
270 2404 366 2464 tribus
381 2411 416 2464 ut
429 2406 514 2463 caelo
529 2403 686 2462 mensibus
702 2404 753 2462 iila
767 2404 853 2475 toret,

97 2497 147 2550 tile
161 2488 234 2547 Turn
250 2489 372 2548 demum
387 2487 565 2562 voltumque
581 2487 673 2545 Ceres
688 2487 884 2560 animumque
897 2488 1023 2562 recepit,

204 2566 416 2647 Imposuitque
430 2586 505 2630 suae
521 2571 627 2645 spicea
642 2577 724 2630 serta
738 2586 862 2630 comae:
993 2591 994 2594 ι

161 2657 321 2730 Largaque
336 2655 478 2730 provenit
492 2654 622 2715 cessatis
636 2655 748 2714 messis
764 2653 795 2712 in
811 2653 903 2727 arvis,

111 2795 113 2803 ,
201 2739 240 2798 Et
252 2741 305 2798 vix
320 2745 485 2814 congestas
501 2755 573 2799 area
588 2738 670 2813 cepit
684 2754 771 2812 opes.
1061 2805 1062 2808 Ἴ

105 2845 108 2852 ’
162 2824 241 2883 Alba
257 2824 367 2884 decent
381 2823 531 2883 Cererem.
559 2822 656 2882 vestis
673 2821 840 2882 Cerialibus
855 2818 942 2880 aibas
960 2883 962 2887 ,

95 2914 146 2970 διο
198 2906 322 2968 Sumite.
350 2923 432 2968 nuno
447 2907 520 2982 pulli
536 2906 658 2966 velleris
673 2910 750 2965 usus
766 2905 864 2965 abest.

368 3121 371 3127 r
406 3039 456 3102 13.
480 3039 763 3100 Gelu-retum

163 3155 298 3232 Occupat
309 3157 425 3233 Aprilis
440 3158 514 3218 Idus
529 3157 711 3231 cognomine
724 3157 832 3218 Victor

200 3241 344 3317 luppiter.
374 3242 432 3302 hac
446 3241 489 3301 illi
504 3247 576 3301 sunt
589 3241 662 3321 data
675 3241 790 3316 templa
804 3239 865 3299 die.

160 3323 225 3386 Hac
241 3341 373 3402 quoque,
389 3327 419 3386 ni
434 3326 531 3400 fallor,
548 3324 664 3402 populo
680 3323 861 3400 dignissima
875 3329 982 3399 nostro
995 3374 1001 3393 .

200 3409 287 3468 Αιιιι
301 3411 441 3471 Libcrtas
457 3409 558 3486 coepit
572 3407 687 3469 habere
701 3426 768 3472 sua.
